% This file was created with JabRef 2.10.
% Encoding: UTF-8


@InProceedings{\&Scaron;\&amacr;blis:2016:ATL:2962695.2962705,
  Title                    = {Agile Teams in Large-Scale Distributed Context: Isolated or Connected?},
  Author                   = {\v{S}\={a}blis, Aivars and \v{S}mite, Darja},
  Booktitle                = {Proceedings of the Scientific Workshop Proceedings of XP2016},
  Year                     = {2016},

  Address                  = {New York, NY, USA},
  Pages                    = {10:1--10:5},
  Publisher                = {ACM},
  Series                   = {XP '16 Workshops},

  Acmid                    = {2962705},
  Articleno                = {10},
  Doi                      = {10.1145/2962695.2962705},
  ISBN                     = {978-1-4503-4134-9},
  Keywords                 = {Distributed agile, Global software development, Insourcing, Large-scale agile, Offshoring, Social network analysis},
  Location                 = {Edinburgh, Scotland, UK},
  Numpages                 = {5},
  Url                      = {http://doi.acm.org/10.1145/2962695.2962705}
}

@InProceedings{Adami:2015:CNS:2874988.2875003,
  Title                    = {Cloud and Network Service Orchestration in Software Defined Data Centers},
  Author                   = {Adami, Davide and Martini, Barbara and Callegari, Christian and Donatini, Lisa and Giordano, Stefano and Sgambelluri, Andrea and Gharbaoui, Molka and Castoldi, Piero},
  Booktitle                = {Proceedings of the International Symposium on Performance Evaluation of Computer and Telecommunication Systems},
  Year                     = {2015},

  Address                  = {San Diego, CA, USA},
  Pages                    = {1--6},
  Publisher                = {Society for Computer Simulation International},
  Series                   = {Spects '15},

  Acmid                    = {2875003},
  ISBN                     = {978-1-5108-1060-0},
  Keywords                 = {SDN, cloud, data center},
  Location                 = {Chicago, Illinois},
  Numpages                 = {6},
  Url                      = {http://dl.acm.org/citation.cfm?id=2874988.2875003}
}

@InProceedings{Ahalt:2013:WSS:2663370.2663377,
  Title                    = {Water Science Software Institute: An Open Source Engagement Process},
  Author                   = {Ahalt, Stan and Minsker, Barbara and Tiemann, Michael and Band, Larry and Palmer, Margaret and Idaszak, Ray and Lenhardt, Chris and Whitton, Mary},
  Booktitle                = {Proceedings of the 5th International Workshop on Software Engineering for Computational Science and Engineering},
  Year                     = {2013},

  Address                  = {Piscataway, NJ, USA},
  Pages                    = {40--47},
  Publisher                = {IEEE Press},
  Series                   = {SE-CSE '13},

  Acmid                    = {2663377},
  ISBN                     = {978-1-4673-6261-0},
  Keywords                 = {agile software development, open source software, scientific software innovation institute, water science},
  Location                 = {San Francisco, California},
  Numpages                 = {8},
  Url                      = {http://dl.acm.org/citation.cfm?id=2663370.2663377}
}

@InProceedings{Alkalay:2016:ACR:2847263.2847287,
  Title                    = {Agile Co-Design for a Reconfigurable Datacenter},
  Author                   = {Alkalay, Shlomi and Angepat, Hari and Caulfield, Adrian and Chung, Eric and Firestein, Oren and Haselman, Michael and Heil, Stephen and Holohan, Kyle and Humphrey, Matt and Juhasz, Tamas and Kaur, Puneet and Lanka, Sitaram and Lo, Daniel and Massengill, Todd and Ovtcharov, Kalin and Papamichael, Michael and Putnam, Andrew and Seera, Raja and Tadros, Rimon and Thong, Jason and Woods, Lisa and Chiou, Derek and Burger, Doug},
  Booktitle                = {Proceedings of the 2016 ACM/SIGDA International Symposium on Field-Programmable Gate Arrays},
  Year                     = {2016},

  Address                  = {New York, NY, USA},
  Pages                    = {15--15},
  Publisher                = {ACM},
  Series                   = {FPGA '16},

  Acmid                    = {2847287},
  Doi                      = {10.1145/2847263.2847287},
  ISBN                     = {978-1-4503-3856-1},
  Keywords                 = {cloud computing, datacenters, fpgas, hardware-software co-design, reconfigurable computing},
  Location                 = {Monterey, California, USA},
  Numpages                 = {1},
  Url                      = {http://doi.acm.org/10.1145/2847263.2847287}
}

@InProceedings{deAlmeida:2015:EMM:2814058.2814062,
  Title                    = {Evaluation of a Maturity Model for Agile Governance in ICT Using Focus Group},
  Author                   = {de Almeida,Neto, Humberto Rocha and de Magalhaes, Edviges Mariza Campos and de Moura, Hermano Perrelli and Teixeira,Filho, Jose Gilson de Almeida and Cappelli, Claudia and Martins, Luiz M. Fraga},
  Booktitle                = {Proceedings of the Annual Conference on Brazilian Symposium on Information Systems: Information Systems: A Computer Socio-Technical Perspective - Volume 1},
  Year                     = {2015},

  Address                  = {Porto Alegre, Brazil, Brazil},
  Pages                    = {3:15--3:22},
  Publisher                = {Brazilian Computer Society},
  Series                   = {SBSI 2015},

  Acmid                    = {2814062},
  Articleno                = {3},
  Keywords                 = {Agile, Agile Governance, Governance in Information and Communication Technology, Maturity, Models},
  Location                 = {Goiania, Goias, Brazil},
  Numpages                 = {8},
  Url                      = {http://dl.acm.org/citation.cfm?id=2814058.2814062}
}

@InProceedings{Almog:2015:RDT:2723742.2723762,
  Title                    = {How the Repository Driven Test Automation (RDTA) Will Make Test Automation More Efficient, Easier \& Maintainable},
  Author                   = {Almog, Dani and Tsubery, Yaron},
  Booktitle                = {Proceedings of the 8th India Software Engineering Conference},
  Year                     = {2015},

  Address                  = {New York, NY, USA},
  Pages                    = {196--197},
  Publisher                = {ACM},
  Series                   = {ISEC '15},

  Acmid                    = {2723762},
  Doi                      = {10.1145/2723742.2723762},
  ISBN                     = {978-1-4503-3432-7},
  Keywords                 = {Repository driven automation, Software reuse, Test Automation, Testing},
  Location                 = {Bangalore, India},
  Numpages                 = {2},
  Url                      = {http://doi.acm.org/10.1145/2723742.2723762}
}

@InProceedings{Anwar:2016:AAC:2944165.2944175,
  Title                    = {Agile Adoption Case Study, Pains, Challenges \& Benefits},
  Author                   = {Anwar, Asmaa and Kamel, Amr A. and Ahmed, Elmohanned},
  Booktitle                = {Proceedings of the 2Nd Africa and Middle East Conference on Software Engineering},
  Year                     = {2016},

  Address                  = {New York, NY, USA},
  Pages                    = {60--65},
  Publisher                = {ACM},
  Series                   = {AMECSE '16},

  Acmid                    = {2944175},
  Doi                      = {10.1145/2944165.2944175},
  ISBN                     = {978-1-4503-4293-3},
  Keywords                 = {Agile software development, action research, practical experience},
  Location                 = {Cairo, Egypt},
  Numpages                 = {6},
  Url                      = {http://doi.acm.org/10.1145/2944165.2944175}
}

@InProceedings{Ardito:2017:ISP:3100305.3100307,
  Title                    = {Integrating a SCRUM-based Process with Human Centred Design: An Experience from an Action Research Study},
  Author                   = {Ardito, Carmelo and Baldassarre, Maria Teresa and Caivano, Danilo and Lanzilotti, Rosa},
  Booktitle                = {Proceedings of the 5th International Workshop on Conducting Empirical Studies in Industry},
  Year                     = {2017},

  Address                  = {Piscataway, NJ, USA},
  Pages                    = {2--8},
  Publisher                = {IEEE Press},
  Series                   = {CESI '17},

  Acmid                    = {3100307},
  Doi                      = {10.1109/CESI.2017.7},
  ISBN                     = {978-1-5386-1546-1},
  Keywords                 = {SCRUM, action research, agile process, component, human centered design},
  Location                 = {Buenos Aires, Argentina},
  Numpages                 = {7},
  Url                      = {https://doi.org/10.1109/CESI.2017.7}
}

@InProceedings{Arora:2016:AAE:2949550.2949588,
  Title                    = {An Agile Approach for Engaging Students in Research and Development},
  Author                   = {Arora, Ritu and Sondhi, Sukrit},
  Booktitle                = {Proceedings of the XSEDE16 Conference on Diversity, Big Data, and Science at Scale},
  Year                     = {2016},

  Address                  = {New York, NY, USA},
  Pages                    = {51:1--51:4},
  Publisher                = {ACM},
  Series                   = {XSEDE16},

  Acmid                    = {2949588},
  Articleno                = {51},
  Doi                      = {10.1145/2949550.2949588},
  ISBN                     = {978-1-4503-4755-6},
  Keywords                 = {Research experience, agile methodology, mentoring, scrum, student engagement},
  Location                 = {Miami, USA},
  Numpages                 = {4},
  Url                      = {http://doi.acm.org/10.1145/2949550.2949588}
}

@InProceedings{Aseeri:2017:AEA:3064814.3064832,
  Title                    = {Alleviating Eavesdropping Attacks in Software-defined Networking Data Plane},
  Author                   = {Aseeri, Ahmad and Netjinda, Nuttapong and Hewett, Rattikorn},
  Booktitle                = {Proceedings of the 12th Annual Conference on Cyber and Information Security Research},
  Year                     = {2017},

  Address                  = {New York, NY, USA},
  Pages                    = {1:1--1:8},
  Publisher                = {ACM},
  Series                   = {CISRC '17},

  Acmid                    = {3064832},
  Articleno                = {1},
  Doi                      = {10.1145/3064814.3064832},
  ISBN                     = {978-1-4503-4855-3},
  Keywords                 = {OpenFlow, SDN, anti-eavesdropping, multipath routing},
  Location                 = {Oak Ridge, Tennessee},
  Numpages                 = {8},
  Url                      = {http://doi.acm.org/10.1145/3064814.3064832}
}

@InProceedings{Ayed:2017:ACC:3103112.3103133,
  Title                    = {Agile Cultural Challenges in Europe and Asia: Insights from Practitioners},
  Author                   = {Ayed, Hajer and Vanderose, Beno\^{\i}t and Habra, Naji},
  Booktitle                = {Proceedings of the 39th International Conference on Software Engineering: Software Engineering in Practice Track},
  Year                     = {2017},

  Address                  = {Piscataway, NJ, USA},
  Pages                    = {153--162},
  Publisher                = {IEEE Press},
  Series                   = {ICSE-SEIP '17},

  Acmid                    = {3103133},
  Doi                      = {10.1109/ICSE-SEIP.2017.33},
  ISBN                     = {978-1-5386-2717-4},
  Keywords                 = {agile software development, challenges, cultural differences, process improvement},
  Location                 = {Buenos Aires, Argentina},
  Numpages                 = {10},
  Url                      = {https://doi.org/10.1109/ICSE-SEIP.2017.33}
}

@InProceedings{Ayed:2014:SAA:2593812.2593820,
  Title                    = {Supported Approach for Agile Methods Adaptation: An Adoption Study},
  Author                   = {Ayed, Hajer and Vanderose, Beno\^{\i}t and Habra, Naji},
  Booktitle                = {Proceedings of the 1st International Workshop on Rapid Continuous Software Engineering},
  Year                     = {2014},

  Address                  = {New York, NY, USA},
  Pages                    = {36--41},
  Publisher                = {ACM},
  Series                   = {RCoSE 2014},

  Acmid                    = {2593820},
  Doi                      = {10.1145/2593812.2593820},
  ISBN                     = {978-1-4503-2856-2},
  Keywords                 = {Agile Process Assessment, Agile Software Development, Software Methods Customisation / Adaptation},
  Location                 = {Hyderabad, India},
  Numpages                 = {6},
  Url                      = {http://doi.acm.org/10.1145/2593812.2593820}
}

@InProceedings{Bagheri:2013:LSP:2555523.2555556,
  Title                    = {Light-weight Software Product Lines for Small and Medium-sized Enterprises (SMEs)},
  Author                   = {Bagheri, Ebrahim and Ensan, Faezeh},
  Booktitle                = {Proceedings of the 2013 Conference of the Center for Advanced Studies on Collaborative Research},
  Year                     = {2013},

  Address                  = {Riverton, NJ, USA},
  Pages                    = {311--324},
  Publisher                = {IBM Corp.},
  Series                   = {CASCON '13},

  Acmid                    = {2555556},
  Location                 = {Ontario, Canada},
  Numpages                 = {14},
  Url                      = {http://dl.acm.org/citation.cfm?id=2555523.2555556}
}

@InProceedings{Basri:2016:PER:3011077.3011096,
  Title                    = {Predicting Effort for Requirement Changes During Software Development},
  Author                   = {Basri, Sufyan and Kama, Nazri and Haneem, Faizura and Ismail, Saiful Adli},
  Booktitle                = {Proceedings of the Seventh Symposium on Information and Communication Technology},
  Year                     = {2016},

  Address                  = {New York, NY, USA},
  Pages                    = {380--387},
  Publisher                = {ACM},
  Series                   = {SoICT '16},

  Acmid                    = {3011096},
  Doi                      = {10.1145/3011077.3011096},
  ISBN                     = {978-1-4503-4815-7},
  Keywords                 = {change effort estimation, change impact analysis, effort estimation, impact analysis},
  Location                 = {Ho Chi Minh City, Viet Nam},
  Numpages                 = {8},
  Url                      = {http://doi.acm.org/10.1145/3011077.3011096}
}

@InProceedings{Basso:2017:AAA:3103196.3103204,
  Title                    = {Automated Approach for Asset Integration in Eclipse IDE},
  Author                   = {Basso, F\'{a}bio Paulo and Werner, Cl\'{a}udia Maria Lima and Oliveira, Toacy Cavalcante},
  Booktitle                = {Proceedings of the Joint 5th International Workshop on Software Engineering for Systems-of-Systems and 11th Workshop on Distributed Software Development, Software Ecosystems and Systems-of-Systems},
  Year                     = {2017},

  Address                  = {Piscataway, NJ, USA},
  Pages                    = {34--40},
  Publisher                = {IEEE Press},
  Series                   = {JSOS '17},

  Acmid                    = {3103204},
  Doi                      = {10.1109/JSOS.2017..16},
  ISBN                     = {978-1-5386-2799-0},
  Keywords                 = {eclipse mylyn, ecosystem, integration, model driven development, toolchain},
  Location                 = {Buenos Aires, Argentina},
  Numpages                 = {7},
  Url                      = {https://doi.org/10.1109/JSOS.2017..16}
}

@InProceedings{Beale:2016:DAG:2987592.2987615,
  Title                    = {Designing an Agile Game for Technical Communication Classrooms},
  Author                   = {Beale, Matthew},
  Booktitle                = {Proceedings of the 34th ACM International Conference on the Design of Communication},
  Year                     = {2016},

  Address                  = {New York, NY, USA},
  Pages                    = {17:1--17:9},
  Publisher                = {ACM},
  Series                   = {SIGDOC '16},

  Acmid                    = {2987615},
  Articleno                = {17},
  Doi                      = {10.1145/2987592.2987615},
  ISBN                     = {978-1-4503-4495-1},
  Keywords                 = {Agile, game design, pedagogy, project management, scrum, serious games},
  Location                 = {Silver Spring, MD, USA},
  Numpages                 = {9},
  Url                      = {http://doi.acm.org/10.1145/2987592.2987615}
}

@InProceedings{Benedicenti:2016:ASA:2889160.2892652,
  Title                    = {Applying Scrum to the Army: A Case Study},
  Author                   = {Benedicenti, Luigi and Cotugno, Franco and Ciancarini, Paolo and Messina, Angelo and Pedrycz, Witold and Sillitti, Alberto and Succi, Giancarlo},
  Booktitle                = {Proceedings of the 38th International Conference on Software Engineering Companion},
  Year                     = {2016},

  Address                  = {New York, NY, USA},
  Pages                    = {725--727},
  Publisher                = {ACM},
  Series                   = {ICSE '16},

  Acmid                    = {2892652},
  Doi                      = {10.1145/2889160.2892652},
  ISBN                     = {978-1-4503-4205-6},
  Location                 = {Austin, Texas},
  Numpages                 = {3},
  Url                      = {http://doi.acm.org/10.1145/2889160.2892652}
}

@InProceedings{Bernabe:2015:FFT:2808580.2808685,
  Title                    = {Faat: Freelance As a Team},
  Author                   = {Bernab{\'e}, Rodrigo Borrego and Navia, Iv\'{a}n \'{A}lvarez and Garc\'{\i}a-Pe\~{n}alvo, Francisco Jos{\'e}},
  Booktitle                = {Proceedings of the 3rd International Conference on Technological Ecosystems for Enhancing Multiculturality},
  Year                     = {2015},

  Address                  = {New York, NY, USA},
  Pages                    = {687--694},
  Publisher                = {ACM},
  Series                   = {TEEM '15},

  Acmid                    = {2808685},
  Doi                      = {10.1145/2808580.2808685},
  ISBN                     = {978-1-4503-3442-6},
  Keywords                 = {agile methodology, development process, personal software process},
  Location                 = {Porto, Portugal},
  Numpages                 = {8},
  Url                      = {http://doi.acm.org/10.1145/2808580.2808685}
}

@InProceedings{Betz:2016:IDT:2978192.2978205,
  Title                    = {The Impacts of Digital Transformation, Agile, and DevOps on Future IT Curricula},
  Author                   = {Betz, Charles and Olagunju, Amos O. and Paulson, Patrick},
  Booktitle                = {Proceedings of the 17th Annual Conference on Information Technology Education},
  Year                     = {2016},

  Address                  = {New York, NY, USA},
  Pages                    = {106--106},
  Publisher                = {ACM},
  Series                   = {SIGITE '16},

  Acmid                    = {2978205},
  Doi                      = {10.1145/2978192.2978205},
  ISBN                     = {978-1-4503-4452-4},
  Keywords                 = {agile, devops, digital technology, it curriculum},
  Location                 = {Boston, Massachusetts, USA},
  Numpages                 = {1},
  Url                      = {http://doi.acm.org/10.1145/2978192.2978205}
}

@InProceedings{Bhide:2013:FOT:2442754.2442755,
  Title                    = {Front Office Transformation: Globally Integrated Enterprise and "Front Office" Going Digital},
  Author                   = {Bhide, Suhas M.},
  Booktitle                = {Proceedings of the 6th India Software Engineering Conference},
  Year                     = {2013},

  Address                  = {New York, NY, USA},
  Pages                    = {1--1},
  Publisher                = {ACM},
  Series                   = {ISEC '13},

  Acmid                    = {2442755},
  Doi                      = {10.1145/2442754.2442755},
  ISBN                     = {978-1-4503-1987-4},
  Keywords                 = {agile, business models, digitization, integrated enterprise, management},
  Location                 = {New Delhi, India},
  Numpages                 = {1},
  Url                      = {http://doi.acm.org/10.1145/2442754.2442755}
}

@InProceedings{Borrego:2017:PET:3101388.3101397,
  Title                    = {Preliminary Evaluation of a Tag-based Knowledge Condensation Tool in Agile and Distributed Teams},
  Author                   = {Borrego, Gilberto and Mor\'{a}n, Alberto L. and Palacio, Ram\'{o}n},
  Booktitle                = {Proceedings of the 12th International Conference on Global Software Engineering},
  Year                     = {2017},

  Address                  = {Piscataway, NJ, USA},
  Pages                    = {51--55},
  Publisher                = {IEEE Press},
  Series                   = {ICGSE '17},

  Acmid                    = {3101397},
  Doi                      = {10.1109/ICGSE.2017.14},
  ISBN                     = {978-1-5386-1587-4},
  Keywords                 = {agile global software development, architectural knowledge, knowledge condensing, knowledge vaporization, unstructured and textual electronic media},
  Location                 = {Buenos Aires, Argentina},
  Numpages                 = {5},
  Url                      = {https://doi.org/10.1109/ICGSE.2017.14}
}

@InProceedings{Bosnic:2015:ISD:2797433.2797469,
  Title                    = {Introducing SCRUM into a Distributed Software Development Course},
  Author                   = {Bosni\'{c}, Ivana and Ciccozzi, Federico and \v{C}avrak, Igor and Di Nitto, Elisabetta and Feljan, Juraj and Mirandola, Raffaela},
  Booktitle                = {Proceedings of the 2015 European Conference on Software Architecture Workshops},
  Year                     = {2015},

  Address                  = {New York, NY, USA},
  Pages                    = {34:1--34:8},
  Publisher                = {ACM},
  Series                   = {ECSAW '15},

  Acmid                    = {2797469},
  Articleno                = {34},
  Doi                      = {10.1145/2797433.2797469},
  ISBN                     = {978-1-4503-3393-1},
  Keywords                 = {Global Software Engineering, SCRUM, agile methods, distributed software development, education},
  Location                 = {Dubrovnik, Cavtat, Croatia},
  Numpages                 = {8},
  Url                      = {http://doi.acm.org/10.1145/2797433.2797469}
}

@InProceedings{Branham:2015:MRP:2775441.2775482,
  Title                    = {My Reviewers: Participatory Design \&\#38; Crowd-sourced Usability Processes},
  Author                   = {Branham, Cassandra and Moxley, Joe and Ross, Val},
  Booktitle                = {Proceedings of the 33rd Annual International Conference on the Design of Communication},
  Year                     = {2015},

  Address                  = {New York, NY, USA},
  Pages                    = {26:1--26:6},
  Publisher                = {ACM},
  Series                   = {SIGDOC '15},

  Acmid                    = {2775482},
  Articleno                = {26},
  Doi                      = {10.1145/2775441.2775482},
  ISBN                     = {978-1-4503-3648-2},
  Keywords                 = {digital writing tools, project management, usability, user experience},
  Location                 = {Limerick, Ireland},
  Numpages                 = {6},
  Url                      = {http://doi.acm.org/10.1145/2775441.2775482}
}

@InProceedings{Braude:2017:IUA:3105398.3105405,
  Title                    = {Incremental UML for Agile Development: Embedding UML Class Models in Source Code},
  Author                   = {Braude, Eric},
  Booktitle                = {Proceedings of the 3rd International Workshop on Rapid Continuous Software Engineering},
  Year                     = {2017},

  Address                  = {Piscataway, NJ, USA},
  Pages                    = {27--31},
  Publisher                = {IEEE Press},
  Series                   = {RCoSE '17},

  Acmid                    = {3105405},
  Doi                      = {10.1109/RCoSE.2017..1},
  ISBN                     = {978-1-5386-0428-1},
  Keywords                 = {agile UML, component, embedded UML, embedding UML, incremental UML},
  Location                 = {Buenos Aires, Argentina},
  Numpages                 = {5},
  Url                      = {https://doi.org/10.1109/RCoSE.2017..1}
}

@InProceedings{Brown:2013:ASE:2486788.2486907,
  Title                    = {Agility at Scale: Economic Governance, Measured Improvement, and Disciplined Delivery},
  Author                   = {Brown, Alan W. and Ambler, Scott and Royce, Walker},
  Booktitle                = {Proceedings of the 2013 International Conference on Software Engineering},
  Year                     = {2013},

  Address                  = {Piscataway, NJ, USA},
  Pages                    = {873--881},
  Publisher                = {IEEE Press},
  Series                   = {ICSE '13},

  Acmid                    = {2486907},
  ISBN                     = {978-1-4673-3076-3},
  Location                 = {San Francisco, CA, USA},
  Numpages                 = {9},
  Url                      = {http://dl.acm.org/citation.cfm?id=2486788.2486907}
}

@Article{Brown:2013:FAU:2817915.2817916,
  Title                    = {Five Agile UX Myths},
  Author                   = {Brown, Diana DeMarco},
  Journal                  = {J. Usability Studies},
  Year                     = {2013},

  Month                    = may,
  Number                   = {3},
  Pages                    = {55--60},
  Volume                   = {8},

  Acmid                    = {2817916},
  Address                  = {Bloomingdale, IL},
  ISSN                     = {1931-3357},
  Issue_date               = {May 2013},
  Numpages                 = {6},
  Publisher                = {Usability Professionals' Association},
  Url                      = {http://dl.acm.org/citation.cfm?id=2817915.2817916}
}

@Article{Browning:2016:PPS:2904298.2904334,
  Title                    = {Pedal: A Pedagogical Software Development Process Designed for Student Success},
  Author                   = {Browning, Carol and Sigman, Scott},
  Journal                  = {J. Comput. Sci. Coll.},
  Year                     = {2016},

  Month                    = may,
  Number                   = {5},
  Pages                    = {171--178},
  Volume                   = {31},

  Acmid                    = {2904334},
  Address                  = {USA},
  ISSN                     = {1937-4771},
  Issue_date               = {May 2016},
  Numpages                 = {8},
  Publisher                = {Consortium for Computing Sciences in Colleges},
  Url                      = {http://dl.acm.org/citation.cfm?id=2904298.2904334}
}

@Article{Bruegge:2015:SEP:2850426.2732155,
  Title                    = {Software Engineering Project Courses with Industrial Clients},
  Author                   = {Bruegge, Bernd and Krusche, Stephan and Alperowitz, Lukas},
  Journal                  = {Trans. Comput. Educ.},
  Year                     = {2015},

  Month                    = dec,
  Number                   = {4},
  Pages                    = {17:1--17:31},
  Volume                   = {15},

  Acmid                    = {2732155},
  Address                  = {New York, NY, USA},
  Articleno                = {17},
  Doi                      = {10.1145/2732155},
  ISSN                     = {1946-6226},
  Issue_date               = {December 2015},
  Keywords                 = {Agile methods, Scrum, Unified Process, communication models, continuous delivery, continuous integration, executable prototypes, feedback, informal modeling, prototyping, release management, scenario-based design, user involvement, version control system},
  Numpages                 = {31},
  Publisher                = {ACM},
  Url                      = {http://doi.acm.org/10.1145/2732155}
}

@InProceedings{Burden:2014:CCM:2652524.2652527,
  Title                    = {Comparing and Contrasting Model-driven Engineering at Three Large Companies},
  Author                   = {Burden, H{\aa}kan and Heldal, Rogardt and Whittle, Jon},
  Booktitle                = {Proceedings of the 8th ACM/IEEE International Symposium on Empirical Software Engineering and Measurement},
  Year                     = {2014},

  Address                  = {New York, NY, USA},
  Pages                    = {14:1--14:10},
  Publisher                = {ACM},
  Series                   = {ESEM '14},

  Acmid                    = {2652527},
  Articleno                = {14},
  Doi                      = {10.1145/2652524.2652527},
  ISBN                     = {978-1-4503-2774-9},
  Keywords                 = {agile practices, case study, inductive and deductive analysis},
  Location                 = {Torino, Italy},
  Numpages                 = {10},
  Url                      = {http://doi.acm.org/10.1145/2652524.2652527}
}

@InProceedings{Cacho:2014:TRM:2568225.2568308,
  Title                    = {Trading Robustness for Maintainability: An Empirical Study of Evolving C\# Programs},
  Author                   = {Cacho, N{\'e}lio and C{\'e}sar, Thiago and Filipe, Thomas and Soares, Eliezio and Cassio, Arthur and Souza, Rafael and Garcia, Israel and Barbosa, Eiji Adachi and Garcia, Alessandro},
  Booktitle                = {Proceedings of the 36th International Conference on Software Engineering},
  Year                     = {2014},

  Address                  = {New York, NY, USA},
  Pages                    = {584--595},
  Publisher                = {ACM},
  Series                   = {ICSE 2014},

  Acmid                    = {2568308},
  Doi                      = {10.1145/2568225.2568308},
  ISBN                     = {978-1-4503-2756-5},
  Keywords                 = {Exception handling, maintainability, robustness},
  Location                 = {Hyderabad, India},
  Numpages                 = {12},
  Url                      = {http://doi.acm.org/10.1145/2568225.2568308}
}

@InProceedings{Campbell:2015:ERU:2676723.2677307,
  Title                    = {An Experience Report: Using Mobile Development To Teach Software Design},
  Author                   = {Campbell, Jennifer and Tafliovich, Anya},
  Booktitle                = {Proceedings of the 46th ACM Technical Symposium on Computer Science Education},
  Year                     = {2015},

  Address                  = {New York, NY, USA},
  Pages                    = {506--511},
  Publisher                = {ACM},
  Series                   = {SIGCSE '15},

  Acmid                    = {2677307},
  Doi                      = {10.1145/2676723.2677307},
  ISBN                     = {978-1-4503-2966-8},
  Keywords                 = {mobile computing, motivating students, object-oriented software design},
  Location                 = {Kansas City, Missouri, USA},
  Numpages                 = {6},
  Url                      = {http://doi.acm.org/10.1145/2676723.2677307}
}

@InProceedings{Campfield:2013:XTS:2484762.2484792,
  Title                    = {The XSEDE Ticket System: From Concept to Implementation},
  Author                   = {Campfield, Michael and Pingleton, Mike and McNally, Stephen Taylor and Samuel, Tabitha K. and Packard, Michael Andrew and Maiden, Thomas},
  Booktitle                = {Proceedings of the Conference on Extreme Science and Engineering Discovery Environment: Gateway to Discovery},
  Year                     = {2013},

  Address                  = {New York, NY, USA},
  Pages                    = {44:1--44:5},
  Publisher                = {ACM},
  Series                   = {XSEDE '13},

  Acmid                    = {2484792},
  Articleno                = {44},
  Doi                      = {10.1145/2484762.2484792},
  ISBN                     = {978-1-4503-2170-9},
  Keywords                 = {RT, XSEDE, configuration management, puppet, request tracker, streaming replication, ticketing system},
  Location                 = {San Diego, California, USA},
  Numpages                 = {5},
  Url                      = {http://doi.acm.org/10.1145/2484762.2484792}
}

@InProceedings{Cerqueus:2015:SMD:2819289.2819293,
  Title                    = {Safely Managing Data Variety in Big Data Software Development},
  Author                   = {Cerqueus, Thomas and de Almeida, Eduardo Cunha and Scherzinger, Stefanie},
  Booktitle                = {Proceedings of the First International Workshop on BIG Data Software Engineering},
  Year                     = {2015},

  Address                  = {Piscataway, NJ, USA},
  Pages                    = {4--10},
  Publisher                = {IEEE Press},
  Series                   = {BIGDSE '15},

  Acmid                    = {2819293},
  Location                 = {Florence, Italy},
  Numpages                 = {7},
  Url                      = {http://dl.acm.org/citation.cfm?id=2819289.2819293}
}

@InProceedings{Cleland-Huang:2014:ALT:2635868.2666612,
  Title                    = {Achieving Lightweight Trustworthy Traceability},
  Author                   = {Cleland-Huang, Jane and Rahimi, Mona and M\"{a}der, Patrick},
  Booktitle                = {Proceedings of the 22Nd ACM SIGSOFT International Symposium on Foundations of Software Engineering},
  Year                     = {2014},

  Address                  = {New York, NY, USA},
  Pages                    = {849--852},
  Publisher                = {ACM},
  Series                   = {FSE 2014},

  Acmid                    = {2666612},
  Doi                      = {10.1145/2635868.2666612},
  ISBN                     = {978-1-4503-3056-5},
  Keywords                 = {Safety Critical, Traceability},
  Location                 = {Hong Kong, China},
  Numpages                 = {4},
  Url                      = {http://doi.acm.org/10.1145/2635868.2666612}
}

@InProceedings{DeSilva:2015:RMS:2785592.2785615,
  Title                    = {A Reference Model for Simulating Agile Processes},
  Author                   = {De Silva, Ian J. and Rayadurgam, Sanjai and Heimdahl, Mats P. E.},
  Booktitle                = {Proceedings of the 2015 International Conference on Software and System Process},
  Year                     = {2015},

  Address                  = {New York, NY, USA},
  Pages                    = {82--91},
  Publisher                = {ACM},
  Series                   = {ICSSP 2015},

  Acmid                    = {2785615},
  Doi                      = {10.1145/2785592.2785615},
  ISBN                     = {978-1-4503-3346-7},
  Keywords                 = {Agent-based Simulation, Agile, Process Evaluation, Process Modeling, Reference Model},
  Location                 = {Tallinn, Estonia},
  Numpages                 = {10},
  Url                      = {http://doi.acm.org/10.1145/2785592.2785615}
}

@InProceedings{Diebold:2014:APP:2601248.2601254,
  Title                    = {Agile Practices in Practice: A Mapping Study},
  Author                   = {Diebold, Philipp and Dahlem, Marc},
  Booktitle                = {Proceedings of the 18th International Conference on Evaluation and Assessment in Software Engineering},
  Year                     = {2014},

  Address                  = {New York, NY, USA},
  Pages                    = {30:1--30:10},
  Publisher                = {ACM},
  Series                   = {EASE '14},

  Acmid                    = {2601254},
  Articleno                = {30},
  Doi                      = {10.1145/2601248.2601254},
  ISBN                     = {978-1-4503-2476-2},
  Keywords                 = {agile methods, agile practices, agile software development, empirical SE, industrial usage, mapping study, systematic review},
  Location                 = {London, England, United Kingdom},
  Numpages                 = {10},
  Url                      = {http://doi.acm.org/10.1145/2601248.2601254}
}

@InProceedings{Diebold:2015:API:2785592.2785609,
  Title                    = {The Agile Practices Impact Model: Idea, Concept, and Application Scenario},
  Author                   = {Diebold, Philipp and Zehler, Thomas},
  Booktitle                = {Proceedings of the 2015 International Conference on Software and System Process},
  Year                     = {2015},

  Address                  = {New York, NY, USA},
  Pages                    = {92--96},
  Publisher                = {ACM},
  Series                   = {ICSSP 2015},

  Acmid                    = {2785609},
  Doi                      = {10.1145/2785592.2785609},
  ISBN                     = {978-1-4503-3346-7},
  Keywords                 = {Agile Capability Analysis, Agile Practices, Agile Practices Impact, Causal Model, Impact Model},
  Location                 = {Tallinn, Estonia},
  Numpages                 = {5},
  Url                      = {http://doi.acm.org/10.1145/2785592.2785609}
}

@InProceedings{Diepenbeck:2013:TAS:2662413.2662432,
  Title                    = {Towards Automatic Scenario Generation from Coverage Information},
  Author                   = {Diepenbeck, Melanie and Soeken, Mathias and Gro\sse, Daniel and Drechsler, Rolf},
  Booktitle                = {Proceedings of the 8th International Workshop on Automation of Software Test},
  Year                     = {2013},

  Address                  = {Piscataway, NJ, USA},
  Pages                    = {82--88},
  Publisher                = {IEEE Press},
  Series                   = {AST '13},

  Acmid                    = {2662432},
  ISBN                     = {978-1-4673-6161-3},
  Location                 = {San Francisco, California},
  Numpages                 = {7},
  Url                      = {http://dl.acm.org/citation.cfm?id=2662413.2662432}
}

@InProceedings{Dig:2016:CVC:2889160.2889208,
  Title                    = {COPE: Vision for a Change-oriented Programming Environment},
  Author                   = {Dig, Danny and Johnson, Ralph and Marinov, Darko and Bailey, Brian and Batory, Don},
  Booktitle                = {Proceedings of the 38th International Conference on Software Engineering Companion},
  Year                     = {2016},

  Address                  = {New York, NY, USA},
  Pages                    = {773--776},
  Publisher                = {ACM},
  Series                   = {ICSE '16},

  Acmid                    = {2889208},
  Doi                      = {10.1145/2889160.2889208},
  ISBN                     = {978-1-4503-4205-6},
  Location                 = {Austin, Texas},
  Numpages                 = {4},
  Url                      = {http://doi.acm.org/10.1145/2889160.2889208}
}

@Article{Ding:2017:CST:3069621.3069645,
  Title                    = {A Case Study for Teaching Students Agile and Scrum in Capstone Course},
  Author                   = {Ding, Dabin and Yousef, Mahmoud and Yue, Xiaodong},
  Journal                  = {J. Comput. Sci. Coll.},
  Year                     = {2017},

  Month                    = may,
  Number                   = {5},
  Pages                    = {95--101},
  Volume                   = {32},

  Acmid                    = {3069645},
  Address                  = {USA},
  ISSN                     = {1937-4771},
  Issue_date               = {May 2017},
  Keywords                 = {Capstone class, Scrum, agile software development, software engineering education, student project},
  Numpages                 = {7},
  Publisher                = {Consortium for Computing Sciences in Colleges},
  Url                      = {http://dl.acm.org/citation.cfm?id=3069621.3069645}
}

@InProceedings{Durbeck:2014:SCC:2600176.2600203,
  Title                    = {Secure-by-construction Composable Componentry for Network Processing},
  Author                   = {Durbeck, Lisa J. K. and Athanas, Peter M. and Macias, Nicholas J.},
  Booktitle                = {Proceedings of the 2014 Symposium and Bootcamp on the Science of Security},
  Year                     = {2014},

  Address                  = {New York, NY, USA},
  Pages                    = {27:1--27:2},
  Publisher                = {ACM},
  Series                   = {HotSoS '14},

  Acmid                    = {2600203},
  Articleno                = {27},
  Doi                      = {10.1145/2600176.2600203},
  ISBN                     = {978-1-4503-2907-1},
  Keywords                 = {100 Gbps, embedded hardware, hardware-software co-design, line-speed processor, network processor, secure-by-construction, stream processing},
  Location                 = {Raleigh, North Carolina, USA},
  Numpages                 = {2},
  Url                      = {http://doi.acm.org/10.1145/2600176.2600203}
}

@InProceedings{Eddy:2017:CCD:3077286.3077301,
  Title                    = {CDEP: Continuous Delivery Educational Pipeline},
  Author                   = {Eddy, Brian P. and Wilde, Norman and Cooper, Nathan A. and Mishra, Bhavyansh and Gamboa, Valeria S. and Patel, Khyati N. and Shah, Keenal M.},
  Booktitle                = {Proceedings of the SouthEast Conference},
  Year                     = {2017},

  Address                  = {New York, NY, USA},
  Pages                    = {55--62},
  Publisher                = {ACM},
  Series                   = {ACM SE '17},

  Acmid                    = {3077301},
  Doi                      = {10.1145/3077286.3077301},
  ISBN                     = {978-1-4503-5024-2},
  Keywords                 = {Agile, Continuous Delivery, Continuous Integration, Education, Software Engineering},
  Location                 = {Kennesaw, GA, USA},
  Numpages                 = {8},
  Url                      = {http://doi.acm.org/10.1145/3077286.3077301}
}

@InProceedings{Edison:2015:LSW:2764979.2764981,
  Title                    = {Lean Startup: Why Large Software Companies Should Care},
  Author                   = {Edison, Henry and Wang, Xiaofeng and Abrahamsson, Pekka},
  Booktitle                = {Scientific Workshop Proceedings of the XP2015},
  Year                     = {2015},

  Address                  = {New York, NY, USA},
  Pages                    = {2:1--2:7},
  Publisher                = {ACM},
  Series                   = {XP '15 workshops},

  Acmid                    = {2764981},
  Articleno                = {2},
  Doi                      = {10.1145/2764979.2764981},
  ISBN                     = {978-1-4503-3409-9},
  Keywords                 = {agile, innovation, large software companies, lean startup, radical innovation, startup},
  Location                 = {Helsinki, Finland},
  Numpages                 = {7},
  Url                      = {http://doi.acm.org/10.1145/2764979.2764981}
}

@InProceedings{Eklund:2017:SAD:3103112.3103135,
  Title                    = {Scaling Agile Development in Mechatronic Organizations: A Comparative Case Study},
  Author                   = {Eklund, Ulrik and Berger, Christian},
  Booktitle                = {Proceedings of the 39th International Conference on Software Engineering: Software Engineering in Practice Track},
  Year                     = {2017},

  Address                  = {Piscataway, NJ, USA},
  Pages                    = {173--182},
  Publisher                = {IEEE Press},
  Series                   = {ICSE-SEIP '17},

  Acmid                    = {3103135},
  Doi                      = {10.1109/ICSE-SEIP.2017.25},
  ISBN                     = {978-1-5386-2717-4},
  Keywords                 = {agile software development, embedded software, mechatronics, software engineering, system integration, testing},
  Location                 = {Buenos Aires, Argentina},
  Numpages                 = {10},
  Url                      = {https://doi.org/10.1109/ICSE-SEIP.2017.25}
}

@InProceedings{Engblom:2015:VEU:2744769.2747948,
  Title                    = {Virtual to the (Near) End: Using Virtual Platforms for Continuous Integration},
  Author                   = {Engblom, Jakob},
  Booktitle                = {Proceedings of the 52Nd Annual Design Automation Conference},
  Year                     = {2015},

  Address                  = {New York, NY, USA},
  Pages                    = {200:1--200:6},
  Publisher                = {ACM},
  Series                   = {DAC '15},

  Acmid                    = {2747948},
  Articleno                = {200},
  Doi                      = {10.1145/2744769.2747948},
  ISBN                     = {978-1-4503-3520-1},
  Keywords                 = {TLM, agile, continuous integration, simulated hardware, simulation, simulator integration, transaction-level simulation, virtual platform},
  Location                 = {San Francisco, California},
  Numpages                 = {6},
  Url                      = {http://doi.acm.org/10.1145/2744769.2747948}
}

@InProceedings{Fitzgerald:2013:SAM:2486788.2486906,
  Title                    = {Scaling Agile Methods to Regulated Environments: An Industry Case Study},
  Author                   = {Fitzgerald, Brian and Stol, Klaas-Jan and O\&\#039;Sullivan, Ryan and O\&\#039;Brien, Donal},
  Booktitle                = {Proceedings of the 2013 International Conference on Software Engineering},
  Year                     = {2013},

  Address                  = {Piscataway, NJ, USA},
  Pages                    = {863--872},
  Publisher                = {IEEE Press},
  Series                   = {ICSE '13},

  Acmid                    = {2486906},
  ISBN                     = {978-1-4673-3076-3},
  Location                 = {San Francisco, CA, USA},
  Numpages                 = {10},
  Url                      = {http://dl.acm.org/citation.cfm?id=2486788.2486906}
}

@InProceedings{Fogdal:2016:TYP:2934466.2934491,
  Title                    = {Ten Years of Product Line Engineering at Danfoss: Lessons Learned and Way Ahead},
  Author                   = {Fogdal, Thomas and Scherrebeck, Helene and Kuusela, Juha and Becker, Martin and Zhang, Bo},
  Booktitle                = {Proceedings of the 20th International Systems and Software Product Line Conference},
  Year                     = {2016},

  Address                  = {New York, NY, USA},
  Pages                    = {252--261},
  Publisher                = {ACM},
  Series                   = {SPLC '16},

  Acmid                    = {2934491},
  Doi                      = {10.1145/2934466.2934491},
  ISBN                     = {978-1-4503-4050-2},
  Keywords                 = {industrial experiences, product line adoption, product line evaluation},
  Location                 = {Beijing, China},
  Numpages                 = {10},
  Url                      = {http://doi.acm.org/10.1145/2934466.2934491}
}

@InProceedings{deFranca:2017:ETB:3105398.3105409,
  Title                    = {Escaping from the Time Box Towards Continuous Planning: An Industrial Experience},
  Author                   = {de Fran\c{c}a, Breno Bernard Nicolau and Sim\~{o}es, Rachel Vital and Silva, Val{\'e}ria and Travassos, Guilherme Horta},
  Booktitle                = {Proceedings of the 3rd International Workshop on Rapid Continuous Software Engineering},
  Year                     = {2017},

  Address                  = {Piscataway, NJ, USA},
  Pages                    = {43--49},
  Publisher                = {IEEE Press},
  Series                   = {RCoSE '17},

  Acmid                    = {3105409},
  Doi                      = {10.1109/RCoSE.2017..5},
  ISBN                     = {978-1-5386-0428-1},
  Keywords                 = {agile project management, continuous planning, continuous software engineering},
  Location                 = {Buenos Aires, Argentina},
  Numpages                 = {7},
  Url                      = {https://doi.org/10.1109/RCoSE.2017..5}
}

@InProceedings{Francese:2017:MAD:3104086.3104106,
  Title                    = {Mobile App Development and Management: Results from a Qualitative Investigation},
  Author                   = {Francese, Rita and Gravino, Carmine and Risi, Michele and Scanniello, Giuseppe and Tortora, Genoveffa},
  Booktitle                = {Proceedings of the 4th International Conference on Mobile Software Engineering and Systems},
  Year                     = {2017},

  Address                  = {Piscataway, NJ, USA},
  Pages                    = {133--143},
  Publisher                = {IEEE Press},
  Series                   = {MOBILESoft '17},

  Acmid                    = {3104106},
  Doi                      = {10.1109/MOBILESoft.2017.33},
  ISBN                     = {978-1-5386-2669-6},
  Keywords                 = {apps for smart devices, qualitative study, survey},
  Location                 = {Buenos Aires, Argentina},
  Numpages                 = {11},
  Url                      = {https://doi.org/10.1109/MOBILESoft.2017.33}
}

@InProceedings{Frt'ala:2015:AOP:2819321.2819324,
  Title                    = {Animating Organizational Patterns},
  Author                   = {Frt'ala, Tom\'{a}\v{s} and Vrani\'{c}, Valentino},
  Booktitle                = {Proceedings of the Eighth International Workshop on Cooperative and Human Aspects of Software Engineering},
  Year                     = {2015},

  Address                  = {Piscataway, NJ, USA},
  Pages                    = {8--14},
  Publisher                = {IEEE Press},
  Series                   = {CHASE '15},

  Acmid                    = {2819324},
  Location                 = {Florence, Italy},
  Numpages                 = {7},
  Url                      = {http://dl.acm.org/citation.cfm?id=2819321.2819324}
}

@InProceedings{Fucci:2016:ERE:2961111.2962592,
  Title                    = {An External Replication on the Effects of Test-driven Development Using a Multi-site Blind Analysis Approach},
  Author                   = {Fucci, Davide and Scanniello, Giuseppe and Romano, Simone and Shepperd, Martin and Sigweni, Boyce and Uyaguari, Fernando and Turhan, Burak and Juristo, Natalia and Oivo, Markku},
  Booktitle                = {Proceedings of the 10th ACM/IEEE International Symposium on Empirical Software Engineering and Measurement},
  Year                     = {2016},

  Address                  = {New York, NY, USA},
  Pages                    = {3:1--3:10},
  Publisher                = {ACM},
  Series                   = {ESEM '16},

  Acmid                    = {2962592},
  Articleno                = {3},
  Doi                      = {10.1145/2961111.2962592},
  ISBN                     = {978-1-4503-4427-2},
  Keywords                 = {blind analysis, external experiment replication, test-driven development},
  Location                 = {Ciudad Real, Spain},
  Numpages                 = {10},
  Url                      = {http://doi.acm.org/10.1145/2961111.2962592}
}

@Article{Gagne:2015:AAU:2831373.2831400,
  Title                    = {Agile.Edu: An Agile Undergraduate Software Engineering Course},
  Author                   = {Gagne, Greg},
  Journal                  = {J. Comput. Sci. Coll.},
  Year                     = {2015},

  Month                    = oct,
  Number                   = {1},
  Pages                    = {154--160},
  Volume                   = {31},

  Acmid                    = {2831400},
  Address                  = {USA},
  ISSN                     = {1937-4771},
  Issue_date               = {October 2015},
  Numpages                 = {7},
  Publisher                = {Consortium for Computing Sciences in Colleges},
  Url                      = {http://dl.acm.org/citation.cfm?id=2831373.2831400}
}

@InProceedings{Gamal:2016:CSA:2944165.2944176,
  Title                    = {Case Study Applying Agile Service-Oriented Modeling and Architecture Approach for Better Business-Services Alignment},
  Author                   = {Gamal, Mustafa M. and Ramadan, Tarek and El Adawy, Hadeel},
  Booktitle                = {Proceedings of the 2Nd Africa and Middle East Conference on Software Engineering},
  Year                     = {2016},

  Address                  = {New York, NY, USA},
  Pages                    = {66--71},
  Publisher                = {ACM},
  Series                   = {AMECSE '16},

  Acmid                    = {2944176},
  Doi                      = {10.1145/2944165.2944176},
  ISBN                     = {978-1-4503-4293-3},
  Keywords                 = {Business Agility, Service Oriented Architecture, Software Architecture, Software Design},
  Location                 = {Cairo, Egypt},
  Numpages                 = {6},
  Url                      = {http://doi.acm.org/10.1145/2944165.2944176}
}

@InProceedings{Gamble:2016:MLD:2896935.2896937,
  Title                    = {Can Metamodels Link Development to Design Intent?},
  Author                   = {Gamble, M. Todd},
  Booktitle                = {Proceedings of the 1st International Workshop on Bringing Architectural Design Thinking into Developers' Daily Activities},
  Year                     = {2016},

  Address                  = {New York, NY, USA},
  Pages                    = {14--17},
  Publisher                = {ACM},
  Series                   = {BRIDGE '16},

  Acmid                    = {2896937},
  Doi                      = {10.1145/2896935.2896937},
  ISBN                     = {978-1-4503-4153-0},
  Keywords                 = {ArchiMate, SAFe, TOGAF, UML, agile methods, architecture framework, design thinking, domain model, metamodel},
  Location                 = {Austin, Texas},
  Numpages                 = {4},
  Url                      = {http://doi.acm.org/10.1145/2896935.2896937}
}

@InProceedings{Gao:2013:DCC:2479871.2479924,
  Title                    = {Data Centric Computing for Internet Scale Enterprises},
  Author                   = {Gao, Yuqing},
  Booktitle                = {Proceedings of the 4th ACM/SPEC International Conference on Performance Engineering},
  Year                     = {2013},

  Address                  = {New York, NY, USA},
  Pages                    = {347--348},
  Publisher                = {ACM},
  Series                   = {ICPE '13},

  Acmid                    = {2479924},
  Doi                      = {10.1145/2479871.2479924},
  ISBN                     = {978-1-4503-1636-1},
  Keywords                 = {data centric computing, internet scale},
  Location                 = {Prague, Czech Republic},
  Numpages                 = {2},
  Url                      = {http://doi.acm.org/10.1145/2479871.2479924}
}

@InProceedings{Gaudenzi:2015:HHI:2745197.2745696,
  Title                    = {To Hack or Not To Hack: Interactive Storytelling in the 21st Century},
  Author                   = {Gaudenzi, Sandra},
  Booktitle                = {Proceedings of the ACM International Conference on Interactive Experiences for TV and Online Video},
  Year                     = {2015},

  Address                  = {New York, NY, USA},
  Pages                    = {201--202},
  Publisher                = {ACM},
  Series                   = {TVX '15},

  Acmid                    = {2745696},
  Doi                      = {10.1145/2745197.2745696},
  ISBN                     = {978-1-4503-3526-3},
  Keywords                 = {design thinking, hack, hackathon, interactive documentary, interactive storytelling, learn do share, popathon, pov hacks, tribeca hacks, user, user experience, user-centered design, workshop.},
  Location                 = {Brussels, Belgium},
  Numpages                 = {2},
  Url                      = {http://doi.acm.org/10.1145/2745197.2745696}
}

@Article{Gestwicki:2016:IPA:2894200.2732157,
  Title                    = {Interdisciplinary Projects in the Academic Studio},
  Author                   = {Gestwicki, Paul and McNely, Brian},
  Journal                  = {Trans. Comput. Educ.},
  Year                     = {2016},

  Month                    = mar,
  Number                   = {2},
  Pages                    = {8:1--8:24},
  Volume                   = {16},

  Acmid                    = {2732157},
  Address                  = {New York, NY, USA},
  Articleno                = {8},
  Doi                      = {10.1145/2732157},
  ISSN                     = {1946-6226},
  Issue_date               = {March 2016},
  Keywords                 = {Higher education, Scrum, computer science education, design-based research, interdisciplinary education, project-based learning, sociocultural cognition theory},
  Numpages                 = {24},
  Publisher                = {ACM},
  Url                      = {http://doi.acm.org/10.1145/2732157}
}

@InProceedings{Goldstein:2015:ACS:2819009.2819021,
  Title                    = {Automatic and Continuous Software Architecture Validation},
  Author                   = {Goldstein, Maayan and Segall, Itai},
  Booktitle                = {Proceedings of the 37th International Conference on Software Engineering - Volume 2},
  Year                     = {2015},

  Address                  = {Piscataway, NJ, USA},
  Pages                    = {59--68},
  Publisher                = {IEEE Press},
  Series                   = {ICSE '15},

  Acmid                    = {2819021},
  Location                 = {Florence, Italy},
  Numpages                 = {10},
  Url                      = {http://dl.acm.org/citation.cfm?id=2819009.2819021}
}

@InProceedings{Gupta:2017:PST:3021460.3021478,
  Title                    = {Pragmatic Scrum Transformation: Challenges, Practices \& Impacts During the Journey A Case Study in a Multi-location Legacy Software Product Development Team},
  Author                   = {Gupta, Rajeev Kumar and Manikreddy, Prabhulinga and Arya, K. C.},
  Booktitle                = {Proceedings of the 10th Innovations in Software Engineering Conference},
  Year                     = {2017},

  Address                  = {New York, NY, USA},
  Pages                    = {147--156},
  Publisher                = {ACM},
  Series                   = {ISEC '17},

  Acmid                    = {3021478},
  Doi                      = {10.1145/3021460.3021478},
  ISBN                     = {978-1-4503-4856-0},
  Keywords                 = {Adaption: Lifecycle Approach, Agile, Code Quality, Pragmatic, Product Quality, Scrum, Testing Strategy},
  Location                 = {Jaipur, India},
  Numpages                 = {10},
  Url                      = {http://doi.acm.org/10.1145/3021460.3021478}
}

@InProceedings{Hebig:2014:NSI:2600821.2600846,
  Title                    = {On the Need to Study the Impact of Model Driven Engineering on Software Processes},
  Author                   = {Hebig, Regina and Bendraou, Reda},
  Booktitle                = {Proceedings of the 2014 International Conference on Software and System Process},
  Year                     = {2014},

  Address                  = {New York, NY, USA},
  Pages                    = {164--168},
  Publisher                = {ACM},
  Series                   = {ICSSP 2014},

  Acmid                    = {2600846},
  Doi                      = {10.1145/2600821.2600846},
  ISBN                     = {978-1-4503-2754-1},
  Keywords                 = {Software process tailoring, literature survey, model-driven engineering},
  Location                 = {Nanjing, China},
  Numpages                 = {5},
  Url                      = {http://doi.acm.org/10.1145/2600821.2600846}
}

@InProceedings{Hoda:2017:BAG:3097368.3097386,
  Title                    = {Becoming Agile: A Grounded Theory of Agile Transitions in Practice},
  Author                   = {Hoda, Rashina and Noble, James},
  Booktitle                = {Proceedings of the 39th International Conference on Software Engineering},
  Year                     = {2017},

  Address                  = {Piscataway, NJ, USA},
  Pages                    = {141--151},
  Publisher                = {IEEE Press},
  Series                   = {ICSE '17},

  Acmid                    = {3097386},
  Doi                      = {10.1109/ICSE.2017.21},
  ISBN                     = {978-1-5386-3868-2},
  Keywords                 = {agile software development, culture, grounded theory, self-organizing, teams, transition},
  Location                 = {Buenos Aires, Argentina},
  Numpages                 = {11},
  Url                      = {https://doi.org/10.1109/ICSE.2017.21}
}

@InProceedings{Hsieh:2016:VNF:2881025.2889486,
  Title                    = {Virtual Network Functions Instantiation on SDN Switches for Policy-Aware Traffic Steering},
  Author                   = {Hsieh, Cheng-Liang and Weng, Ning},
  Booktitle                = {Proceedings of the 2016 Symposium on Architectures for Networking and Communications Systems},
  Year                     = {2016},

  Address                  = {New York, NY, USA},
  Pages                    = {119--120},
  Publisher                = {ACM},
  Series                   = {ANCS '16},

  Acmid                    = {2889486},
  Doi                      = {10.1145/2881025.2889486},
  ISBN                     = {978-1-4503-4183-7},
  Keywords                 = {network management, software-defined networking},
  Location                 = {Santa Clara, California, USA},
  Numpages                 = {2},
  Url                      = {http://doi.acm.org/10.1145/2881025.2889486}
}

@InProceedings{Hu:2017:TFC:3037697.3037713,
  Title                    = {Towards "Full Containerization" in Containerized Network Function Virtualization},
  Author                   = {Hu, Yang and Song, Mingcong and Li, Tao},
  Booktitle                = {Proceedings of the Twenty-Second International Conference on Architectural Support for Programming Languages and Operating Systems},
  Year                     = {2017},

  Address                  = {New York, NY, USA},
  Pages                    = {467--481},
  Publisher                = {ACM},
  Series                   = {ASPLOS '17},

  Acmid                    = {3037713},
  Doi                      = {10.1145/3037697.3037713},
  ISBN                     = {978-1-4503-4465-4},
  Keywords                 = {container, networking, nfv, page coloring, session initiation protocol},
  Location                 = {Xi'an, China},
  Numpages                 = {15},
  Url                      = {http://doi.acm.org/10.1145/3037697.3037713}
}

@Article{Hu:2017:TFC:3093315.3037713,
  Title                    = {Towards "Full Containerization" in Containerized Network Function Virtualization},
  Author                   = {Hu, Yang and Song, Mingcong and Li, Tao},
  Journal                  = {SIGOPS Oper. Syst. Rev.},
  Year                     = {2017},

  Month                    = apr,
  Number                   = {2},
  Pages                    = {467--481},
  Volume                   = {51},

  Acmid                    = {3037713},
  Address                  = {New York, NY, USA},
  Doi                      = {10.1145/3093315.3037713},
  ISSN                     = {0163-5980},
  Issue_date               = {June 2017},
  Keywords                 = {container, networking, nfv, page coloring, session initiation protocol},
  Numpages                 = {15},
  Publisher                = {ACM},
  Url                      = {http://doi.acm.org/10.1145/3093315.3037713}
}

@Article{Hu:2017:TFC:3093336.3037713,
  Title                    = {Towards "Full Containerization" in Containerized Network Function Virtualization},
  Author                   = {Hu, Yang and Song, Mingcong and Li, Tao},
  Journal                  = {SIGPLAN Not.},
  Year                     = {2017},

  Month                    = apr,
  Number                   = {4},
  Pages                    = {467--481},
  Volume                   = {52},

  Acmid                    = {3037713},
  Address                  = {New York, NY, USA},
  Doi                      = {10.1145/3093336.3037713},
  ISSN                     = {0362-1340},
  Issue_date               = {April 2017},
  Keywords                 = {container, networking, nfv, page coloring, session initiation protocol},
  Numpages                 = {15},
  Publisher                = {ACM},
  Url                      = {http://doi.acm.org/10.1145/3093336.3037713}
}

@Article{Hu:2017:TFC:3093337.3037713,
  Title                    = {Towards "Full Containerization" in Containerized Network Function Virtualization},
  Author                   = {Hu, Yang and Song, Mingcong and Li, Tao},
  Journal                  = {SIGARCH Comput. Archit. News},
  Year                     = {2017},

  Month                    = apr,
  Number                   = {1},
  Pages                    = {467--481},
  Volume                   = {45},

  Acmid                    = {3037713},
  Address                  = {New York, NY, USA},
  Doi                      = {10.1145/3093337.3037713},
  ISSN                     = {0163-5964},
  Issue_date               = {March 2017},
  Keywords                 = {container, networking, nfv, page coloring, session initiation protocol},
  Numpages                 = {15},
  Publisher                = {ACM},
  Url                      = {http://doi.acm.org/10.1145/3093337.3037713}
}

@Article{Hunt:2013:RDA:2507288.2507324,
  Title                    = {Research Dojo: Applying Agile Principles to Agile Research - Workshop Summary from XP2013},
  Author                   = {Hunt, Johanna and Wang, Xiaofeng},
  Journal                  = {SIGSOFT Softw. Eng. Notes},
  Year                     = {2013},

  Month                    = aug,
  Number                   = {5},
  Pages                    = {43--46},
  Volume                   = {38},

  Acmid                    = {2507324},
  Address                  = {New York, NY, USA},
  Doi                      = {10.1145/2507288.2507324},
  ISSN                     = {0163-5948},
  Issue_date               = {September 2013},
  Keywords                 = {agile practices, agile principles, coding Dojo, collaborative research, research Dojo},
  Numpages                 = {4},
  Publisher                = {ACM},
  Url                      = {http://doi.acm.org/10.1145/2507288.2507324}
}

@InProceedings{Igaki:2014:QAU:2591062.2591162,
  Title                    = {Quantitative Assessment with Using Ticket Driven Development for Teaching Scrum Framework},
  Author                   = {Igaki, Hiroshi and Fukuyasu, Naoki and Saiki, Sachio and Matsumoto, Shinsuke and Kusumoto, Shinji},
  Booktitle                = {Companion Proceedings of the 36th International Conference on Software Engineering},
  Year                     = {2014},

  Address                  = {New York, NY, USA},
  Pages                    = {372--381},
  Publisher                = {ACM},
  Series                   = {ICSE Companion 2014},

  Acmid                    = {2591162},
  Doi                      = {10.1145/2591062.2591162},
  ISBN                     = {978-1-4503-2768-8},
  Keywords                 = {Project-Based Learning, SE education, Scrum, quantitative assessment},
  Location                 = {Hyderabad, India},
  Numpages                 = {10},
  Url                      = {http://doi.acm.org/10.1145/2591062.2591162}
}

@InProceedings{Inayat:2015:RAR:2764979.2764985,
  Title                    = {A Reflection on Agile Requirements Engineering: Solutions Brought and Challenges Posed},
  Author                   = {Inayat, Irum and Moraes, Lauriane and Daneva, Maya and Salim, Siti Salwah},
  Booktitle                = {Scientific Workshop Proceedings of the XP2015},
  Year                     = {2015},

  Address                  = {New York, NY, USA},
  Pages                    = {6:1--6:7},
  Publisher                = {ACM},
  Series                   = {XP '15 workshops},

  Acmid                    = {2764985},
  Articleno                = {6},
  Doi                      = {10.1145/2764979.2764985},
  ISBN                     = {978-1-4503-3409-9},
  Keywords                 = {agile requirements engineering, agile requirements engineering challenges, agile software development, requirements engineering, requirements engineering practices, traditional requirements engineering},
  Location                 = {Helsinki, Finland},
  Numpages                 = {7},
  Url                      = {http://doi.acm.org/10.1145/2764979.2764985}
}

@InProceedings{Janjua:2016:OTC:2967878.2967920,
  Title                    = {OPENTCQ: Towards Change Management in Hybrid Agile Model},
  Author                   = {Janjua, Jamshaid Iqbal and Ali, Aatka and Chaudhry, Muhammad Umar},
  Booktitle                = {Proceedings of the 7th International Conference on Computing Communication and Networking Technologies},
  Year                     = {2016},

  Address                  = {New York, NY, USA},
  Pages                    = {38:1--38:8},
  Publisher                = {ACM},
  Series                   = {ICCCNT '16},

  Acmid                    = {2967920},
  Articleno                = {38},
  Doi                      = {10.1145/2967878.2967920},
  ISBN                     = {978-1-4503-4179-0},
  Keywords                 = {Agile, Hybrid, OpenInteroperableFramework, Software Process Models, Unified Process Modelling},
  Location                 = {Dallas, TX, USA},
  Numpages                 = {8},
  Url                      = {http://doi.acm.org/10.1145/2967878.2967920}
}

@Article{Jie:2016:ICS:2894784.2894793,
  Title                    = {Industrial Case Study of Transition from V-Model into Agile SCRUM in Embedded Software Testing Industries},
  Author                   = {Jie, Jason Lee Hua},
  Journal                  = {SIGSOFT Softw. Eng. Notes},
  Year                     = {2016},

  Month                    = may,
  Number                   = {2},
  Pages                    = {1--3},
  Volume                   = {41},

  Acmid                    = {2894793},
  Address                  = {New York, NY, USA},
  Doi                      = {10.1145/2894784.2894793},
  ISSN                     = {0163-5948},
  Issue_date               = {March 2016},
  Keywords                 = {Agile SCRUM transition, Embedded software, QA challenges, system-on-chip},
  Numpages                 = {3},
  Publisher                = {ACM},
  Url                      = {http://doi.acm.org/10.1145/2894784.2894793}
}

@InProceedings{Jorge:2013:BRS:2494444.2494491,
  Title                    = {Binary Recommender Systems: Introduction, an Application and Outlook},
  Author                   = {Jorge, Al\'{\i}pio M.},
  Booktitle                = {Proceedings of the International C* Conference on Computer Science and Software Engineering},
  Year                     = {2013},

  Address                  = {New York, NY, USA},
  Pages                    = {1--2},
  Publisher                = {ACM},
  Series                   = {C3S2E '13},

  Acmid                    = {2494491},
  Doi                      = {10.1145/2494444.2494491},
  ISBN                     = {978-1-4503-1976-8},
  Location                 = {Porto, Portugal},
  Numpages                 = {2},
  Url                      = {http://doi.acm.org/10.1145/2494444.2494491}
}

@InProceedings{Kastl:2015:TJS:2818314.2818336,
  Title                    = {"Now They Just Start Working, and Organize Themselves" First Results of Introducing Agile Practices in Lessons},
  Author                   = {Kastl, Petra and Romeike, Ralf},
  Booktitle                = {Proceedings of the Workshop in Primary and Secondary Computing Education},
  Year                     = {2015},

  Address                  = {New York, NY, USA},
  Pages                    = {25--28},
  Publisher                = {ACM},
  Series                   = {WiPSCE '15},

  Acmid                    = {2818336},
  Doi                      = {10.1145/2818314.2818336},
  ISBN                     = {978-1-4503-3753-3},
  Keywords                 = {Agile practices, agile methods, design-based, project-based-learning, research, secondary CS education},
  Location                 = {London, United Kingdom},
  Numpages                 = {4},
  Url                      = {http://doi.acm.org/10.1145/2818314.2818336}
}

@InProceedings{Kastl:2014:TAP:2670757.2670776,
  Title                    = {Towards Agile Practices in CS Secondary Education with a Design Based Research Approach},
  Author                   = {Kastl, Petra and Romeike, Ralf},
  Booktitle                = {Proceedings of the 9th Workshop in Primary and Secondary Computing Education},
  Year                     = {2014},

  Address                  = {New York, NY, USA},
  Pages                    = {130--131},
  Publisher                = {ACM},
  Series                   = {WiPSCE '14},

  Acmid                    = {2670776},
  Doi                      = {10.1145/2670757.2670776},
  ISBN                     = {978-1-4503-3250-7},
  Keywords                 = {agile practices, design based research, secondary cs education},
  Location                 = {Berlin, Germany},
  Numpages                 = {2},
  Url                      = {http://doi.acm.org/10.1145/2670757.2670776}
}

@InProceedings{vanKelle:2015:ESS:2819321.2819335,
  Title                    = {An Empirical Study into Social Success Factors for Agile Software Development},
  Author                   = {van Kelle, Evelyn and van der Wijst, Per and Plaat, Aske and Visser, Joost},
  Booktitle                = {Proceedings of the Eighth International Workshop on Cooperative and Human Aspects of Software Engineering},
  Year                     = {2015},

  Address                  = {Piscataway, NJ, USA},
  Pages                    = {77--80},
  Publisher                = {IEEE Press},
  Series                   = {CHASE '15},

  Acmid                    = {2819335},
  Keywords                 = {agile software development, predictive model, social success factors, transformational leadership, value congruence},
  Location                 = {Florence, Italy},
  Numpages                 = {4},
  Url                      = {http://dl.acm.org/citation.cfm?id=2819321.2819335}
}

@InProceedings{Khanh:2017:HSN:3056662.3056680,
  Title                    = {Human Stories: A New Written Technique in Agile Software Requirements},
  Author                   = {Khanh, Nguyen Thien and Daengdej, Jirapun and Arifin, Habibi Husain},
  Booktitle                = {Proceedings of the 6th International Conference on Software and Computer Applications},
  Year                     = {2017},

  Address                  = {New York, NY, USA},
  Pages                    = {15--22},
  Publisher                = {ACM},
  Series                   = {ICSCA '17},

  Acmid                    = {3056680},
  Doi                      = {10.1145/3056662.3056680},
  ISBN                     = {978-1-4503-4857-7},
  Keywords                 = {INVEST grid, agile requirement quality checklist, agile software requirement, human-story, persona, persona-story, role, user-story},
  Location                 = {Bangkok, Thailand},
  Numpages                 = {8},
  Url                      = {http://doi.acm.org/10.1145/3056662.3056680}
}

@InProceedings{Klepper:2015:ICD:2820678.2820681,
  Title                    = {Introducing Continuous Delivery of Mobile Apps in a Corporate Environment: A Case Study},
  Author                   = {Klepper, Sebastian and Krusche, Stephan and Peters, Sebastian and Bruegge, Bernd and Alperowitz, Lukas},
  Booktitle                = {Proceedings of the Second International Workshop on Rapid Continuous Software Engineering},
  Year                     = {2015},

  Address                  = {Piscataway, NJ, USA},
  Pages                    = {5--11},
  Publisher                = {IEEE Press},
  Series                   = {RCoSE '15},

  Acmid                    = {2820681},
  Keywords                 = {agile methods, configuration management, continuous delivery, continuous integration, release management, software evolution, user feedback, user involvement},
  Location                 = {Florence, Italy},
  Numpages                 = {7},
  Url                      = {http://dl.acm.org/citation.cfm?id=2820678.2820681}
}

@InProceedings{Koski:2015:ROM:2820678.2820689,
  Title                    = {Rolling out a Mission Critical System in an Agilish Way: Reflections on Building a Large-scale Dependable Information System for Public Sector},
  Author                   = {Koski, Aapo and Mikkonen, Tommi},
  Booktitle                = {Proceedings of the Second International Workshop on Rapid Continuous Software Engineering},
  Year                     = {2015},

  Address                  = {Piscataway, NJ, USA},
  Pages                    = {41--44},
  Publisher                = {IEEE Press},
  Series                   = {RCoSE '15},

  Acmid                    = {2820689},
  Keywords                 = {agile development, human factors, iterative and incremental development, management support, organizational change, user involvement},
  Location                 = {Florence, Italy},
  Numpages                 = {4},
  Url                      = {http://dl.acm.org/citation.cfm?id=2820678.2820689}
}

@InProceedings{Krusche:2014:ICD:2591062.2591163,
  Title                    = {Introduction of Continuous Delivery in Multi-customer Project Courses},
  Author                   = {Krusche, Stephan and Alperowitz, Lukas},
  Booktitle                = {Companion Proceedings of the 36th International Conference on Software Engineering},
  Year                     = {2014},

  Address                  = {New York, NY, USA},
  Pages                    = {335--343},
  Publisher                = {ACM},
  Series                   = {ICSE Companion 2014},

  Acmid                    = {2591163},
  Doi                      = {10.1145/2591062.2591163},
  ISBN                     = {978-1-4503-2768-8},
  Keywords                 = {Continuous Delivery, Continuous Integration, DevOps, Executable Prototypes, Feedback, Release Management, User Involvement, Version Control System},
  Location                 = {Hyderabad, India},
  Numpages                 = {9},
  Url                      = {http://doi.acm.org/10.1145/2591062.2591163}
}

@InProceedings{Krusche:2014:RAP:2593812.2593818,
  Title                    = {Rugby: An Agile Process Model Based on Continuous Delivery},
  Author                   = {Krusche, Stephan and Alperowitz, Lukas and Bruegge, Bernd and Wagner, Martin O.},
  Booktitle                = {Proceedings of the 1st International Workshop on Rapid Continuous Software Engineering},
  Year                     = {2014},

  Address                  = {New York, NY, USA},
  Pages                    = {42--50},
  Publisher                = {ACM},
  Series                   = {RCoSE 2014},

  Acmid                    = {2593818},
  Doi                      = {10.1145/2593812.2593818},
  ISBN                     = {978-1-4503-2856-2},
  Keywords                 = {Agile Methods, Communication Models, Continuous Delivery, Continuous Integration, Executable Prototypes, Feedback, Release Management, Software Evolution, User Involvement, Version Control System},
  Location                 = {Hyderabad, India},
  Numpages                 = {9},
  Url                      = {http://doi.acm.org/10.1145/2593812.2593818}
}

@InProceedings{Kuhn:2014:MLS:2616498.2616529,
  Title                    = {MOVIE: Large Scale Automated Analysis of MOVing ImagEs},
  Author                   = {Kuhn, Virginia and Simeone, Michael and Marini, Luigi and Bock, Dave and Craig, Alan B. and Diesendruck, Liana and Satheesan, Sandeep Puthanveetil},
  Booktitle                = {Proceedings of the 2014 Annual Conference on Extreme Science and Engineering Discovery Environment},
  Year                     = {2014},

  Address                  = {New York, NY, USA},
  Pages                    = {21:1--21:3},
  Publisher                = {ACM},
  Series                   = {XSEDE '14},

  Acmid                    = {2616529},
  Articleno                = {21},
  Doi                      = {10.1145/2616498.2616529},
  ISBN                     = {978-1-4503-2893-7},
  Keywords                 = {database, digital humanities, interactive analysis, video analytics},
  Location                 = {Atlanta, GA, USA},
  Numpages                 = {3},
  Url                      = {http://doi.acm.org/10.1145/2616498.2616529}
}

@InProceedings{Kuhrmann:2013:SSP:2486046.2486077,
  Title                    = {Systematic Software Process Development: Where Do We Stand Today?},
  Author                   = {Kuhrmann, Marco and Fern\'{a}ndez, Daniel M{\'e}ndez and Steenweg, Ragna},
  Booktitle                = {Proceedings of the 2013 International Conference on Software and System Process},
  Year                     = {2013},

  Address                  = {New York, NY, USA},
  Pages                    = {166--170},
  Publisher                = {ACM},
  Series                   = {ICSSP 2013},

  Acmid                    = {2486077},
  Doi                      = {10.1145/2486046.2486077},
  ISBN                     = {978-1-4503-2062-7},
  Keywords                 = {Software process metamodels, literature review, study},
  Location                 = {San Francisco, CA, USA},
  Numpages                 = {5},
  Url                      = {http://doi.acm.org/10.1145/2486046.2486077}
}

@InProceedings{Kumar:2016:APO:2897586.2897609,
  Title                    = {Among the Agilists: Participant Observation in a Rapidly Evolving Workplace},
  Author                   = {Kumar, Shreya and Wallace, Charles},
  Booktitle                = {Proceedings of the 9th International Workshop on Cooperative and Human Aspects of Software Engineering},
  Year                     = {2016},

  Address                  = {New York, NY, USA},
  Pages                    = {52--55},
  Publisher                = {ACM},
  Series                   = {CHASE '16},

  Acmid                    = {2897609},
  Doi                      = {10.1145/2897586.2897609},
  ISBN                     = {978-1-4503-4155-4},
  Keywords                 = {communities of practice, ethnography, mentoring, participant observation, software engineering},
  Location                 = {Austin, Texas},
  Numpages                 = {4},
  Url                      = {http://doi.acm.org/10.1145/2897586.2897609}
}

@InProceedings{Laanti:2015:APM:2764979.2764980,
  Title                    = {Agile Portfolio Management at Finnish Broadcasting Company Yle},
  Author                   = {Laanti, Maarit and Sirki\"{a}, Rami and Kangas, Mirette},
  Booktitle                = {Scientific Workshop Proceedings of the XP2015},
  Year                     = {2015},

  Address                  = {New York, NY, USA},
  Pages                    = {1:1--1:7},
  Publisher                = {ACM},
  Series                   = {XP '15 workshops},

  Acmid                    = {2764980},
  Articleno                = {1},
  Doi                      = {10.1145/2764979.2764980},
  ISBN                     = {978-1-4503-3409-9},
  Keywords                 = {agile budgeting, agile finance, agile methods, agile planning, beyond budgeting, large-scale agile software development, lean agile finance, lean budgeting, lean finance, portfolio management, project management, scaled agile, software engineering},
  Location                 = {Helsinki, Finland},
  Numpages                 = {7},
  Url                      = {http://doi.acm.org/10.1145/2764979.2764980}
}

@InProceedings{Leppanen:2015:TPD:2820678.2820688,
  Title                    = {Towards Post-agile Development Practices Through Productized Development Infrastructure},
  Author                   = {Lepp\"{a}nen, Marko and Kilamo, Terhi and Mikkonen, Tommi},
  Booktitle                = {Proceedings of the Second International Workshop on Rapid Continuous Software Engineering},
  Year                     = {2015},

  Address                  = {Piscataway, NJ, USA},
  Pages                    = {34--40},
  Publisher                = {IEEE Press},
  Series                   = {RCoSE '15},

  Acmid                    = {2820688},
  Keywords                 = {continuous delivery, continuous software engineering, development infrastructure},
  Location                 = {Florence, Italy},
  Numpages                 = {7},
  Url                      = {http://dl.acm.org/citation.cfm?id=2820678.2820688}
}

@InProceedings{Li:2016:ACT:2970276.2970325,
  Title                    = {Applying Combinatorial Test Data Generation to Big Data Applications},
  Author                   = {Li, Nan and Lei, Yu and Khan, Haider Riaz and Liu, Jingshu and Guo, Yun},
  Booktitle                = {Proceedings of the 31st IEEE/ACM International Conference on Automated Software Engineering},
  Year                     = {2016},

  Address                  = {New York, NY, USA},
  Pages                    = {637--647},
  Publisher                = {ACM},
  Series                   = {ASE 2016},

  Acmid                    = {2970325},
  Doi                      = {10.1145/2970276.2970325},
  ISBN                     = {978-1-4503-3845-5},
  Keywords                 = {Adaptive Input Domain Model, Big Data Testing, Combinatorial Testing, Input Domain Model, Test Data Generation},
  Location                 = {Singapore, Singapore},
  Numpages                 = {11},
  Url                      = {http://doi.acm.org/10.1145/2970276.2970325}
}

@InProceedings{Liechti:2017:SAT:3100149.3100154,
  Title                    = {Supporting Agile Teams with a Test Analytics Platform: A Case Study},
  Author                   = {Liechti, Olivier and Pasquier, Jacques and Reis, Rodney},
  Booktitle                = {Proceedings of the 12th International Workshop on Automation of Software Testing},
  Year                     = {2017},

  Address                  = {Piscataway, NJ, USA},
  Pages                    = {9--15},
  Publisher                = {IEEE Press},
  Series                   = {AST '17},

  Acmid                    = {3100154},
  Doi                      = {10.1109/AST.2017.3},
  ISBN                     = {978-1-5386-1548-5},
  Keywords                 = {agile development, automated testing, feedback channels, gamification},
  Location                 = {Buenos Aires, Argentina},
  Numpages                 = {7},
  Url                      = {https://doi.org/10.1109/AST.2017.3}
}

@InProceedings{Liikkanen:2014:LUN:2639189.2670285,
  Title                    = {Lean UX: The Next Generation of User-centered Agile Development?},
  Author                   = {Liikkanen, Lassi A. and Kilpi\"{o}, Harri and Svan, Lauri and Hiltunen, Miko},
  Booktitle                = {Proceedings of the 8th Nordic Conference on Human-Computer Interaction: Fun, Fast, Foundational},
  Year                     = {2014},

  Address                  = {New York, NY, USA},
  Pages                    = {1095--1100},
  Publisher                = {ACM},
  Series                   = {NordiCHI '14},

  Acmid                    = {2670285},
  Doi                      = {10.1145/2639189.2670285},
  ISBN                     = {978-1-4503-2542-4},
  Keywords                 = {human-centered design, lean UX, user experience},
  Location                 = {Helsinki, Finland},
  Numpages                 = {6},
  Url                      = {http://doi.acm.org/10.1145/2639189.2670285}
}

@InProceedings{Lin:2014:STA:2642937.2642959,
  Title                    = {Studying Task Allocation Decisions of Novice Agile Teams with Data from Agile Project Management Tools},
  Author                   = {Lin, Jun and Yu, Han and Shen, Zhiqi and Miao, Chunyan},
  Booktitle                = {Proceedings of the 29th ACM/IEEE International Conference on Automated Software Engineering},
  Year                     = {2014},

  Address                  = {New York, NY, USA},
  Pages                    = {689--694},
  Publisher                = {ACM},
  Series                   = {ASE '14},

  Acmid                    = {2642959},
  Doi                      = {10.1145/2642937.2642959},
  ISBN                     = {978-1-4503-3013-8},
  Keywords                 = {agile project management tool, task allocation decision-making, unobtrusive data collection},
  Location                 = {Vasteras, Sweden},
  Numpages                 = {6},
  Url                      = {http://doi.acm.org/10.1145/2642937.2642959}
}

@InProceedings{Lous:2017:SFG:3101388.3101390,
  Title                    = {Is Scrum Fit for Global Software Engineering?},
  Author                   = {Lous, Pernille and Kuhrmann, Marco and Tell, Paolo},
  Booktitle                = {Proceedings of the 12th International Conference on Global Software Engineering},
  Year                     = {2017},

  Address                  = {Piscataway, NJ, USA},
  Pages                    = {1--10},
  Publisher                = {IEEE Press},
  Series                   = {ICGSE '17},

  Acmid                    = {3101390},
  Doi                      = {10.1109/ICGSE.2017.13},
  ISBN                     = {978-1-5386-1587-4},
  Keywords                 = {agile software development, global software engineering, systematic literature review, systematic mapping study},
  Location                 = {Buenos Aires, Argentina},
  Numpages                 = {10},
  Url                      = {https://doi.org/10.1109/ICGSE.2017.13}
}

@InProceedings{Manoharan:2016:SIR:2882903.2904444,
  Title                    = {Shasta: Interactive Reporting At Scale},
  Author                   = {Manoharan, Gokul Nath Babu and Ellner, Stephan and Schnaitter, Karl and Chegu, Sridatta and Estrella-Balderrama, Alejandro and Gudmundson, Stephan and Gupta, Apurv and Handy, Ben and Samwel, Bart and Whipkey, Chad and Aharkava, Larysa and Apte, Himani and Gangahar, Nitin and Xu, Jun and Venkataraman, Shivakumar and Agrawal, Divyakant and Ullman, Jeffrey D.},
  Booktitle                = {Proceedings of the 2016 International Conference on Management of Data},
  Year                     = {2016},

  Address                  = {New York, NY, USA},
  Pages                    = {1393--1404},
  Publisher                = {ACM},
  Series                   = {SIGMOD '16},

  Acmid                    = {2904444},
  Doi                      = {10.1145/2882903.2904444},
  ISBN                     = {978-1-4503-3531-7},
  Keywords                 = {SQL generation, caching, heterogeneous data, middleware, user-defined functions},
  Location                 = {San Francisco, California, USA},
  Numpages                 = {12},
  Url                      = {http://doi.acm.org/10.1145/2882903.2904444}
}

@InProceedings{Martinez:2014:EMA:2631890.2631893,
  Title                    = {Echo: A Middleware Architecture for Domain-specific UI Test Automation},
  Author                   = {Martinez, Jorge and Thomas, Troy and King, Tariq M.},
  Booktitle                = {Proceedings of the 2014 Workshop on Joining AcadeMiA and Industry Contributions to Test Automation and Model-Based Testing},
  Year                     = {2014},

  Address                  = {New York, NY, USA},
  Pages                    = {13--15},
  Publisher                = {ACM},
  Series                   = {JAMAICA 2014},

  Acmid                    = {2631893},
  Doi                      = {10.1145/2631890.2631893},
  ISBN                     = {978-1-4503-2933-0},
  Keywords                 = {Domain-Specific Languages, Middleware, Software Architecture, Software Testing, Test Automation, User Interfaces},
  Location                 = {San Jose, CA, USA},
  Numpages                 = {3},
  Url                      = {http://doi.acm.org/10.1145/2631890.2631893}
}

@Article{Matharu:2015:ESA:2693208.2693233,
  Title                    = {Empirical Study of Agile Software Development Methodologies: A Comparative Analysis},
  Author                   = {Matharu, Gurpreet Singh and Mishra, Anju and Singh, Harmeet and Upadhyay, Priyanka},
  Journal                  = {SIGSOFT Softw. Eng. Notes},
  Year                     = {2015},

  Month                    = feb,
  Number                   = {1},
  Pages                    = {1--6},
  Volume                   = {40},

  Acmid                    = {2693233},
  Address                  = {New York, NY, USA},
  Doi                      = {10.1145/2693208.2693233},
  ISSN                     = {0163-5948},
  Issue_date               = {January 2015},
  Keywords                 = {Agile Methodologies, Extreme Programming (XP), Kanban, Lean, Scrum, Software Development Life Cycle (SDLC)},
  Numpages                 = {6},
  Publisher                = {ACM},
  Url                      = {http://doi.acm.org/10.1145/2693208.2693233}
}

@InProceedings{Matthies:2016:STS:2889160.2889182,
  Title                    = {How Surveys, Tutors, and Software Help to Assess Scrum Adoption in a Classroom Software Engineering Project},
  Author                   = {Matthies, Christoph and Kowark, Thomas and Richly, Keven and Uflacker, Matthias and Plattner, Hasso},
  Booktitle                = {Proceedings of the 38th International Conference on Software Engineering Companion},
  Year                     = {2016},

  Address                  = {New York, NY, USA},
  Pages                    = {313--322},
  Publisher                = {ACM},
  Series                   = {ICSE '16},

  Acmid                    = {2889182},
  Doi                      = {10.1145/2889160.2889182},
  ISBN                     = {978-1-4503-4205-6},
  Keywords                 = {Scrum, classroom project, collaboration analysis, multi-level assessment},
  Location                 = {Austin, Texas},
  Numpages                 = {10},
  Url                      = {http://doi.acm.org/10.1145/2889160.2889182}
}

@InProceedings{McHugh:2013:AVM:2663575.2663579,
  Title                    = {An Agile V-model for Medical Device Software Development to Overcome the Challenges with Plan-driven Software Development Lifecycles},
  Author                   = {McHugh, Martin and Cawley, Ois\'{\i}n and McCaffery, Fergal and Richardson, Ita and Wang, Xiaofeng},
  Booktitle                = {Proceedings of the 5th International Workshop on Software Engineering in Health Care},
  Year                     = {2013},

  Address                  = {Piscataway, NJ, USA},
  Pages                    = {12--19},
  Publisher                = {IEEE Press},
  Series                   = {SEHC '13},

  Acmid                    = {2663579},
  ISBN                     = {978-1-4673-6282-5},
  Keywords                 = {agile, av-model, fda, medical device software, safety critical, v-model},
  Location                 = {San Francisco, California},
  Numpages                 = {8},
  Url                      = {http://dl.acm.org/citation.cfm?id=2663575.2663579}
}

@InProceedings{Moe:2014:NLD:2652524.2652584,
  Title                    = {Networking in a Large-scale Distributed Agile Project},
  Author                   = {Moe, Nils Brede and \v{S}mite, Darja and \v{S}\={a}blis, Aivars and B\"{o}rjesson, Anne-Lie and Andr{\'e}asson, Pia},
  Booktitle                = {Proceedings of the 8th ACM/IEEE International Symposium on Empirical Software Engineering and Measurement},
  Year                     = {2014},

  Address                  = {New York, NY, USA},
  Pages                    = {12:1--12:8},
  Publisher                = {ACM},
  Series                   = {ESEM '14},

  Acmid                    = {2652584},
  Articleno                = {12},
  Doi                      = {10.1145/2652524.2652584},
  ISBN                     = {978-1-4503-2774-9},
  Keywords                 = {boundary spanners, distributed agile, global software development, insourcing, large-scale agile, offshoring, social network analysis, technical area responsibility},
  Location                 = {Torino, Italy},
  Numpages                 = {8},
  Url                      = {http://doi.acm.org/10.1145/2652524.2652584}
}

@InProceedings{Moe:2016:TLA:2962695.2962696,
  Title                    = {Trends in Large-Scale Agile Development: A Summary of the 4th Workshop at XP2016},
  Author                   = {Moe, Nils Brede and Olsson, Helena Holmstr\"{o}m and Dings{\o}yr, Torgeir},
  Booktitle                = {Proceedings of the Scientific Workshop Proceedings of XP2016},
  Year                     = {2016},

  Address                  = {New York, NY, USA},
  Pages                    = {1:1--1:4},
  Publisher                = {ACM},
  Series                   = {XP '16 Workshops},

  Acmid                    = {2962696},
  Articleno                = {1},
  Doi                      = {10.1145/2962695.2962696},
  ISBN                     = {978-1-4503-4134-9},
  Keywords                 = {Agile software development, agile transformation, continuous software development, inter-team coordination, large-scale software development, self-management, shared decision making, social capital, sociocracy, sourcing models, virtual teams},
  Location                 = {Edinburgh, Scotland, UK},
  Numpages                 = {4},
  Url                      = {http://doi.acm.org/10.1145/2962695.2962696}
}

@InProceedings{Murphy:2016:OSD:2896839.2896847,
  Title                    = {Optimizing Software Development Processes},
  Author                   = {Murphy, Brendan},
  Booktitle                = {Proceedings of the 4th International Workshop on Conducting Empirical Studies in Industry},
  Year                     = {2016},

  Address                  = {New York, NY, USA},
  Pages                    = {4--4},
  Publisher                = {ACM},
  Series                   = {CESI '16},

  Acmid                    = {2896847},
  Doi                      = {10.1145/2896839.2896847},
  ISBN                     = {978-1-4503-4154-7},
  Location                 = {Austin, Texas},
  Numpages                 = {1},
  Url                      = {http://doi.acm.org/10.1145/2896839.2896847}
}

@InProceedings{Muthig:2013:FRF:2491627.2491653,
  Title                    = {A Framework for Role-based Feature Management in Software Product Line Organizations},
  Author                   = {Muthig, Dirk and Schroeter, Julia},
  Booktitle                = {Proceedings of the 17th International Software Product Line Conference},
  Year                     = {2013},

  Address                  = {New York, NY, USA},
  Pages                    = {178--187},
  Publisher                = {ACM},
  Series                   = {SPLC '13},

  Acmid                    = {2491653},
  Doi                      = {10.1145/2491627.2491653},
  ISBN                     = {978-1-4503-1968-3},
  Keywords                 = {development process support, feature information management, feature life cycle},
  Location                 = {Tokyo, Japan},
  Numpages                 = {10},
  Url                      = {http://doi.acm.org/10.1145/2491627.2491653}
}

@InProceedings{Nanthaamornphong:2013:CSA:2663370.2663373,
  Title                    = {A Case Study: Agile Development in the Community Laser-induced Incandescence Modeling Environment (CLiiME)},
  Author                   = {Nanthaamornphong, Aziz and Morris, Karla and Rouson, Damian W. I. and Michelsen, Hope A.},
  Booktitle                = {Proceedings of the 5th International Workshop on Software Engineering for Computational Science and Engineering},
  Year                     = {2013},

  Address                  = {Piscataway, NJ, USA},
  Pages                    = {9--18},
  Publisher                = {IEEE Press},
  Series                   = {SE-CSE '13},

  Acmid                    = {2663373},
  ISBN                     = {978-1-4673-6261-0},
  Keywords                 = {agile development method, computational software development, software engineering, test driven development},
  Location                 = {San Francisco, California},
  Numpages                 = {10},
  Url                      = {http://dl.acm.org/citation.cfm?id=2663370.2663373}
}

@InProceedings{Nerurkar:2017:ADP:3055219.3055242,
  Title                    = {Analysis of DILRMP Project: Identifying the Applicability of Agile Project Management for Digital Transformation Projects in Government and Public Sector},
  Author                   = {Nerurkar, Amrutaunshu and Das, Indrajit},
  Booktitle                = {Proceedings of the Special Collection on eGovernment Innovations in India},
  Year                     = {2017},

  Address                  = {New York, NY, USA},
  Pages                    = {34--38},
  Publisher                = {ACM},
  Series                   = {ICEGOV '17},

  Acmid                    = {3055242},
  Doi                      = {10.1145/3055219.3055242},
  ISBN                     = {978-1-4503-4930-7},
  Keywords                 = {Agile project management, DILRMP, Digital transformation, Government and public sector},
  Location                 = {New Delhi AA, India},
  Numpages                 = {5},
  Url                      = {http://doi.acm.org/10.1145/3055219.3055242}
}

@InProceedings{Nerurkar:2017:APM:3047273.3047355,
  Title                    = {Agile Project Management in Large Scale Digital Transformation Projects in Government and Public Sector: A Case Study of DILRMP Project},
  Author                   = {Nerurkar, Amrutaunshu and Das, Indrajit},
  Booktitle                = {Proceedings of the 10th International Conference on Theory and Practice of Electronic Governance},
  Year                     = {2017},

  Address                  = {New York, NY, USA},
  Pages                    = {580--581},
  Publisher                = {ACM},
  Series                   = {ICEGOV '17},

  Acmid                    = {3047355},
  Doi                      = {10.1145/3047273.3047355},
  ISBN                     = {978-1-4503-4825-6},
  Keywords                 = {Agile project management, DILRMP, Digital transformation, Government and public sector},
  Location                 = {New Delhi AA, India},
  Numpages                 = {2},
  Url                      = {http://doi.acm.org/10.1145/3047273.3047355}
}

@InProceedings{Ng:2014:TBS:2593752.2593756,
  Title                    = {Theory Based Software Engineering with the SEMAT Kernel: Preliminary Investigation and Experiences},
  Author                   = {Ng, Pan-Wei},
  Booktitle                = {Proceedings of the 3rd SEMAT Workshop on General Theories of Software Engineering},
  Year                     = {2014},

  Address                  = {New York, NY, USA},
  Pages                    = {13--20},
  Publisher                = {ACM},
  Series                   = {GTSE 2014},

  Acmid                    = {2593756},
  Doi                      = {10.1145/2593752.2593756},
  ISBN                     = {978-1-4503-2850-0},
  Keywords                 = {Essence, SEMAT, agile, alpha, architecture view, method, process, software engineering, software process lines, stakeholder engagement, stakeholders, theory},
  Location                 = {Hyderabad, India},
  Numpages                 = {8},
  Url                      = {http://doi.acm.org/10.1145/2593752.2593756}
}

@InProceedings{Nguyen:2016:AMR:3011077.3011123,
  Title                    = {Adaptive Multipath Routing for Network Functions Virtualization},
  Author                   = {Nguyen, Thi-Thuy-Lien and Pham, Tuan-Minh and Binh, Huynh Thi Thanh},
  Booktitle                = {Proceedings of the Seventh Symposium on Information and Communication Technology},
  Year                     = {2016},

  Address                  = {New York, NY, USA},
  Pages                    = {222--228},
  Publisher                = {ACM},
  Series                   = {SoICT '16},

  Acmid                    = {3011123},
  Doi                      = {10.1145/3011077.3011123},
  ISBN                     = {978-1-4503-4815-7},
  Keywords                 = {multipath routing, network functions virtualization, optimization},
  Location                 = {Ho Chi Minh City, Viet Nam},
  Numpages                 = {7},
  Url                      = {http://doi.acm.org/10.1145/3011077.3011123}
}

@InProceedings{Nikitina:2014:GAS:2600821.2600825,
  Title                    = {Guiding the Adoption of Software Development Methods},
  Author                   = {Nikitina, Natalja and Kajko-Mattsson, Mira},
  Booktitle                = {Proceedings of the 2014 International Conference on Software and System Process},
  Year                     = {2014},

  Address                  = {New York, NY, USA},
  Pages                    = {109--118},
  Publisher                = {ACM},
  Series                   = {ICSSP 2014},

  Acmid                    = {2600825},
  Doi                      = {10.1145/2600821.2600825},
  ISBN                     = {978-1-4503-2754-1},
  Keywords                 = {Process change, SPI, agile adoption, agile method, deployment, method adoption, method engineering, process model},
  Location                 = {Nanjing, China},
  Numpages                 = {10},
  Url                      = {http://doi.acm.org/10.1145/2600821.2600825}
}

@InProceedings{Paasivaara:2017:ASS:3101388.3101395,
  Title                    = {Adopting SAFe to Scale Agile in a Globally Distributed Organization},
  Author                   = {Paasivaara, Maria},
  Booktitle                = {Proceedings of the 12th International Conference on Global Software Engineering},
  Year                     = {2017},

  Address                  = {Piscataway, NJ, USA},
  Pages                    = {36--40},
  Publisher                = {IEEE Press},
  Series                   = {ICGSE '17},

  Acmid                    = {3101395},
  Doi                      = {10.1109/ICGSE.2017.15},
  ISBN                     = {978-1-5386-1587-4},
  Location                 = {Buenos Aires, Argentina},
  Numpages                 = {5},
  Url                      = {https://doi.org/10.1109/ICGSE.2017.15}
}

@InProceedings{Paasivaara:2014:TSS:2591062.2591169,
  Title                    = {Teaching Students Scrum Using LEGO Blocks},
  Author                   = {Paasivaara, Maria and Heikkil\"{a}, Ville and Lassenius, Casper and Toivola, Towo},
  Booktitle                = {Companion Proceedings of the 36th International Conference on Software Engineering},
  Year                     = {2014},

  Address                  = {New York, NY, USA},
  Pages                    = {382--391},
  Publisher                = {ACM},
  Series                   = {ICSE Companion 2014},

  Acmid                    = {2591169},
  Doi                      = {10.1145/2591062.2591169},
  ISBN                     = {978-1-4503-2768-8},
  Keywords                 = {Scrum, simulation game, software engineering education},
  Location                 = {Hyderabad, India},
  Numpages                 = {10},
  Url                      = {http://doi.acm.org/10.1145/2591062.2591169}
}

@InProceedings{Paasivaara:2016:CSF:2962695.2962704,
  Title                    = {Challenges and Success Factors for Large-scale Agile Transformations: A Research Proposal and a Pilot Study},
  Author                   = {Paasivaara, Maria and Lassenius, Casper},
  Booktitle                = {Proceedings of the Scientific Workshop Proceedings of XP2016},
  Year                     = {2016},

  Address                  = {New York, NY, USA},
  Pages                    = {9:1--9:5},
  Publisher                = {ACM},
  Series                   = {XP '16 Workshops},

  Acmid                    = {2962704},
  Articleno                = {9},
  Doi                      = {10.1145/2962695.2962704},
  ISBN                     = {978-1-4503-4134-9},
  Keywords                 = {large-scale agile software development, research proposal},
  Location                 = {Edinburgh, Scotland, UK},
  Numpages                 = {5},
  Url                      = {http://doi.acm.org/10.1145/2962695.2962704}
}

@Article{Park:2016:SPE:2853073.2853088,
  Title                    = {Scrum Powered by Essence},
  Author                   = {Park, June Sung and McMahon, Paul E. and Myburgh, Barry},
  Journal                  = {SIGSOFT Softw. Eng. Notes},
  Year                     = {2016},

  Month                    = feb,
  Number                   = {1},
  Pages                    = {1--8},
  Volume                   = {41},

  Acmid                    = {2853088},
  Address                  = {New York, NY, USA},
  Doi                      = {10.1145/2853073.2853088},
  ISSN                     = {0163-5948},
  Issue_date               = {January 2016},
  Keywords                 = {Essence kernel, Essence language, Scrum project management, software engineering method, software engineering practice},
  Numpages                 = {8},
  Publisher                = {ACM},
  Url                      = {http://doi.acm.org/10.1145/2853073.2853088}
}

@InProceedings{Pattaranantakul:2017:FST:3040992.3040995,
  Title                    = {A First Step Towards Security Extension for NFV Orchestrator},
  Author                   = {Pattaranantakul, Montida and Tseng, Yuchia and He, Ruan and Zhang, Zonghua and Meddahi, Ahmed},
  Booktitle                = {Proceedings of the ACM International Workshop on Security in Software Defined Networks \&\#38; Network Function Virtualization},
  Year                     = {2017},

  Address                  = {New York, NY, USA},
  Pages                    = {25--30},
  Publisher                = {ACM},
  Series                   = {SDN-NFVSec '17},

  Acmid                    = {3040995},
  Doi                      = {10.1145/3040992.3040995},
  ISBN                     = {978-1-4503-4908-6},
  Keywords                 = {data model, network functions virtualization (NFV), security management, service orchestration},
  Location                 = {Scottsdale, Arizona, USA},
  Numpages                 = {6},
  Url                      = {http://doi.acm.org/10.1145/3040992.3040995}
}

@InProceedings{Peppard:2016:BMP:2961111.2962642,
  Title                    = {What About the Benefits?: A Missing Perspective in Software Engineering},
  Author                   = {Peppard, Joe},
  Booktitle                = {Proceedings of the 10th ACM/IEEE International Symposium on Empirical Software Engineering and Measurement},
  Year                     = {2016},

  Address                  = {New York, NY, USA},
  Pages                    = {2:1--2:1},
  Publisher                = {ACM},
  Series                   = {ESEM '16},

  Acmid                    = {2962642},
  Articleno                = {2},
  Doi                      = {10.1145/2961111.2962642},
  ISBN                     = {978-1-4503-4427-2},
  Location                 = {Ciudad Real, Spain},
  Numpages                 = {1},
  Url                      = {http://doi.acm.org/10.1145/2961111.2962642}
}

@InProceedings{Pham:2015:LPL:2830772.2830773,
  Title                    = {Large Pages and Lightweight Memory Management in Virtualized Environments: Can You Have It Both Ways?},
  Author                   = {Pham, Binh and Vesel\'{y}, J\'{a}n and Loh, Gabriel H. and Bhattacharjee, Abhishek},
  Booktitle                = {Proceedings of the 48th International Symposium on Microarchitecture},
  Year                     = {2015},

  Address                  = {New York, NY, USA},
  Pages                    = {1--12},
  Publisher                = {ACM},
  Series                   = {MICRO-48},

  Acmid                    = {2830773},
  Doi                      = {10.1145/2830772.2830773},
  ISBN                     = {978-1-4503-4034-2},
  Keywords                 = {TLB, speculation, virtual memory, virtualization},
  Location                 = {Waikiki, Hawaii},
  Numpages                 = {12},
  Url                      = {http://doi.acm.org/10.1145/2830772.2830773}
}

@InProceedings{Politowski:2016:ODG:2896958.2896960,
  Title                    = {Are the Old Days Gone?: A Survey on Actual Software Engineering Processes in Video Game Industry},
  Author                   = {Politowski, Cristiano and Fontoura, Lisandra and Petrillo, Fabio and Gu{\'e}h{\'e}neuc, Yann-Ga\"{e}l},
  Booktitle                = {Proceedings of the 5th International Workshop on Games and Software Engineering},
  Year                     = {2016},

  Address                  = {New York, NY, USA},
  Pages                    = {22--28},
  Publisher                = {ACM},
  Series                   = {GAS '16},

  Acmid                    = {2896960},
  Doi                      = {10.1145/2896958.2896960},
  ISBN                     = {978-1-4503-4160-8},
  Keywords                 = {game development, postmortem, software engineering process, survey},
  Location                 = {Austin, Texas},
  Numpages                 = {7},
  Url                      = {http://doi.acm.org/10.1145/2896958.2896960}
}

@InProceedings{Porru:2016:ESP:2972958.2972959,
  Title                    = {Estimating Story Points from Issue Reports},
  Author                   = {Porru, Simone and Murgia, Alessandro and Demeyer, Serge and Marchesi, Michele and Tonelli, Roberto},
  Booktitle                = {Proceedings of the The 12th International Conference on Predictive Models and Data Analytics in Software Engineering},
  Year                     = {2016},

  Address                  = {New York, NY, USA},
  Pages                    = {2:1--2:10},
  Publisher                = {ACM},
  Series                   = {PROMISE 2016},

  Acmid                    = {2972959},
  Articleno                = {2},
  Doi                      = {10.1145/2972958.2972959},
  ISBN                     = {978-1-4503-4772-3},
  Keywords                 = {Machine learning, agile, issue report, story points},
  Location                 = {Ciudad Real, Spain},
  Numpages                 = {10},
  Url                      = {http://doi.acm.org/10.1145/2972958.2972959}
}

@InProceedings{Prior:2013:UAB:2470654.2466210,
  Title                    = {Use of an Agile Bridge in the Development of Assistive Technology},
  Author                   = {Prior, Suzanne and Waller, Annalu and Black, Rolf and Kroll, Thilo},
  Booktitle                = {Proceedings of the SIGCHI Conference on Human Factors in Computing Systems},
  Year                     = {2013},

  Address                  = {New York, NY, USA},
  Pages                    = {1579--1588},
  Publisher                = {ACM},
  Series                   = {CHI '13},

  Acmid                    = {2466210},
  Doi                      = {10.1145/2470654.2466210},
  ISBN                     = {978-1-4503-1899-0},
  Keywords                 = {agile methodology, assistive technology, severe speech and physical impairments, user centred design},
  Location                 = {Paris, France},
  Numpages                 = {10},
  Url                      = {http://doi.acm.org/10.1145/2470654.2466210}
}

@InProceedings{Putnam:2017:FDC:3060403.3066860,
  Title                    = {FPGAs in the Datacenter: Combining the Worlds of Hardware and Software Development},
  Author                   = {Putnam, Andrew},
  Booktitle                = {Proceedings of the on Great Lakes Symposium on VLSI 2017},
  Year                     = {2017},

  Address                  = {New York, NY, USA},
  Pages                    = {5--5},
  Publisher                = {ACM},
  Series                   = {GLSVLSI '17},

  Acmid                    = {3066860},
  Doi                      = {10.1145/3060403.3066860},
  ISBN                     = {978-1-4503-4972-7},
  Keywords                 = {catapult, configurable cloud, smartnic},
  Location                 = {Banff, Alberta, Canada},
  Numpages                 = {1},
  Url                      = {http://doi.acm.org/10.1145/3060403.3066860}
}

@InProceedings{Ramos:2014:EEA:2554850.2555130,
  Title                    = {eXtreme Enterprise Architecture Planning},
  Author                   = {Ramos, Hugo and Vasconcelos, Andr{\'e}},
  Booktitle                = {Proceedings of the 29th Annual ACM Symposium on Applied Computing},
  Year                     = {2014},

  Address                  = {New York, NY, USA},
  Pages                    = {1417--1419},
  Publisher                = {ACM},
  Series                   = {SAC '14},

  Acmid                    = {2555130},
  Doi                      = {10.1145/2554850.2555130},
  ISBN                     = {978-1-4503-2469-4},
  Keywords                 = {agile, business model, cycles, enterprise architecture, enterprise architecture planning, extreme programming, iterations, methodology, partitioning, processes, reference model, scrum, software development},
  Location                 = {Gyeongju, Republic of Korea},
  Numpages                 = {3},
  Url                      = {http://doi.acm.org/10.1145/2554850.2555130}
}

@InProceedings{Reboucas:2017:CII:3104188.3104249,
  Title                    = {How Does Contributors' Involvement Influence the Build Status of an Open-source Software Project?},
  Author                   = {Rebou\c{c}as, Marcel and Santos, Renato O. and Pinto, Gustavo and Castor, Fernando},
  Booktitle                = {Proceedings of the 14th International Conference on Mining Software Repositories},
  Year                     = {2017},

  Address                  = {Piscataway, NJ, USA},
  Pages                    = {475--478},
  Publisher                = {IEEE Press},
  Series                   = {MSR '17},

  Acmid                    = {3104249},
  Doi                      = {10.1109/MSR.2017.32},
  ISBN                     = {978-1-5386-1544-7},
  Location                 = {Buenos Aires, Argentina},
  Numpages                 = {4},
  Url                      = {https://doi.org/10.1109/MSR.2017.32}
}

@InProceedings{Rodriguez:2013:BLT:2486046.2486064,
  Title                    = {Building Lean Thinking in a Telecom Software Development Organization: Strengths and Challenges},
  Author                   = {Rodr\'{\i}guez, Pilar and Mikkonen, Kirsi and Kuvaja, Pasi and Oivo, Markku and Garbajosa, Juan},
  Booktitle                = {Proceedings of the 2013 International Conference on Software and System Process},
  Year                     = {2013},

  Address                  = {New York, NY, USA},
  Pages                    = {98--107},
  Publisher                = {ACM},
  Series                   = {ICSSP 2013},

  Acmid                    = {2486064},
  Doi                      = {10.1145/2486046.2486064},
  ISBN                     = {978-1-4503-2062-7},
  Keywords                 = {Agile software development, le-agile, lean software development, method adoption, process improvement, process introduction},
  Location                 = {San Francisco, CA, USA},
  Numpages                 = {10},
  Url                      = {http://doi.acm.org/10.1145/2486046.2486064}
}

@InProceedings{Rolland:2016:SAK:2962695.2962700,
  Title                    = {Scaling Across Knowledge Boundaries: A Case Study Of A Large-Scale Agile Software Development Project},
  Author                   = {Rolland, Knut H.},
  Booktitle                = {Proceedings of the Scientific Workshop Proceedings of XP2016},
  Year                     = {2016},

  Address                  = {New York, NY, USA},
  Pages                    = {5:1--5:5},
  Publisher                = {ACM},
  Series                   = {XP '16 Workshops},

  Acmid                    = {2962700},
  Articleno                = {5},
  Doi                      = {10.1145/2962695.2962700},
  ISBN                     = {978-1-4503-4134-9},
  Keywords                 = {Boundary work, Case study, Knowledge management, Large-scale agile software development},
  Location                 = {Edinburgh, Scotland, UK},
  Numpages                 = {5},
  Url                      = {http://doi.acm.org/10.1145/2962695.2962700}
}

@InProceedings{Sandberg:2017:MIA:3103112.3103122,
  Title                    = {Meeting Industry: Academia Research Collaboration Challenges with Agile Methodologies},
  Author                   = {Sandberg, Anna B\"{o}rjesson and Crnkovic, Ivica},
  Booktitle                = {Proceedings of the 39th International Conference on Software Engineering: Software Engineering in Practice Track},
  Year                     = {2017},

  Address                  = {Piscataway, NJ, USA},
  Pages                    = {73--82},
  Publisher                = {IEEE Press},
  Series                   = {ICSE-SEIP '17},

  Acmid                    = {3103122},
  Doi                      = {10.1109/ICSE-SEIP.2017.20},
  ISBN                     = {978-1-5386-2717-4},
  Keywords                 = {agile methodologies, case study, collaboration, industry-academia research},
  Location                 = {Buenos Aires, Argentina},
  Numpages                 = {10},
  Url                      = {https://doi.org/10.1109/ICSE-SEIP.2017.20}
}

@InProceedings{Schleier-Smith:2015:AAM:2783258.2788628,
  Title                    = {An Architecture for Agile Machine Learning in Real-Time Applications},
  Author                   = {Schleier-Smith, Johann},
  Booktitle                = {Proceedings of the 21th ACM SIGKDD International Conference on Knowledge Discovery and Data Mining},
  Year                     = {2015},

  Address                  = {New York, NY, USA},
  Pages                    = {2059--2068},
  Publisher                = {ACM},
  Series                   = {KDD '15},

  Acmid                    = {2788628},
  Doi                      = {10.1145/2783258.2788628},
  ISBN                     = {978-1-4503-3664-2},
  Keywords                 = {agile, machine learning, recommender systems},
  Location                 = {Sydney, NSW, Australia},
  Numpages                 = {10},
  Url                      = {http://doi.acm.org/10.1145/2783258.2788628}
}

@InProceedings{Schmidt:2014:EIP:2591062.2591189,
  Title                    = {Empirical Insights into the Perceived Benefits of Agile Software Engineering Practices: A Case Study from SAP},
  Author                   = {Schmidt, Christoph Tobias and Ganesha Venkatesha, Srinivasa and Heymann, Juergen},
  Booktitle                = {Companion Proceedings of the 36th International Conference on Software Engineering},
  Year                     = {2014},

  Address                  = {New York, NY, USA},
  Pages                    = {84--92},
  Publisher                = {ACM},
  Series                   = {ICSE Companion 2014},

  Acmid                    = {2591189},
  Doi                      = {10.1145/2591062.2591189},
  ISBN                     = {978-1-4503-2768-8},
  Keywords                 = {Agile Software Engineering, Automated Testing, Case Study, Pair Programming, Perceived Benefits, SAP AG},
  Location                 = {Hyderabad, India},
  Numpages                 = {9},
  Url                      = {http://doi.acm.org/10.1145/2591062.2591189}
}

@InProceedings{Schneider:2013:ITA:2499604.2499615,
  Title                    = {Integration of Test-driven Agile Simulation Approach in Service-oriented Tool Environment},
  Author                   = {Schneider, Vitali and German, Reinhard},
  Booktitle                = {Proceedings of the 46th Annual Simulation Symposium},
  Year                     = {2013},

  Address                  = {San Diego, CA, USA},
  Pages                    = {11:1--11:7},
  Publisher                = {Society for Computer Simulation International},
  Series                   = {ANSS 13},

  Acmid                    = {2499615},
  Articleno                = {11},
  ISBN                     = {978-1-62748-030-7},
  Keywords                 = {service-oriented computing and simulation, simulation tools and environments, test-driven agile simulation, verification and validation},
  Location                 = {San Diego, California},
  Numpages                 = {7},
  Url                      = {http://dl.acm.org/citation.cfm?id=2499604.2499615}
}

@InProceedings{Schneider:2014:AMI:2665008.2665043,
  Title                    = {How to Avoid Model Interferences for Test-driven Agile Simulation Based on Standardized UML Profiles (Work in Progress)},
  Author                   = {Schneider, Vitali and Yupatova, Anna and Dulz, Winfried and German, Reinhard},
  Booktitle                = {Proceedings of the Symposium on Theory of Modeling \& Simulation - DEVS Integrative},
  Year                     = {2014},

  Address                  = {San Diego, CA, USA},
  Pages                    = {35:1--35:6},
  Publisher                = {Society for Computer Simulation International},
  Series                   = {DEVS '14},

  Acmid                    = {2665043},
  Articleno                = {35},
  Keywords                 = {MARTE, SysML, UML, UTP, model-based engineering, test-driven agile simulation},
  Location                 = {Tampa, Florida},
  Numpages                 = {6},
  Url                      = {http://dl.acm.org/citation.cfm?id=2665008.2665043}
}

@InProceedings{Scholtz:2015:SCW:2837185.2837250,
  Title                    = {Systematic Composition of Web-based Applications with Focus on Security},
  Author                   = {Scholtz, Anna and Wild, Stefan and Gaedke, Martin},
  Booktitle                = {Proceedings of the 17th International Conference on Information Integration and Web-based Applications \& Services},
  Year                     = {2015},

  Address                  = {New York, NY, USA},
  Pages                    = {85:1--85:5},
  Publisher                = {ACM},
  Series                   = {iiWAS '15},

  Acmid                    = {2837250},
  Articleno                = {85},
  Doi                      = {10.1145/2837185.2837250},
  ISBN                     = {978-1-4503-3491-4},
  Keywords                 = {WebID, delegation, identity, modeling, protection, security, semantic web, web data integration, web data management, web engineering, web semantics visualization},
  Location                 = {Brussels, Belgium},
  Numpages                 = {5},
  Url                      = {http://doi.acm.org/10.1145/2837185.2837250}
}

@InProceedings{Sedano:2016:SSD:2961111.2962590,
  Title                    = {Sustainable Software Development Through Overlapping Pair Rotation},
  Author                   = {Sedano, Todd and Ralph, Paul and P{\'e}raire, C{\'e}cile},
  Booktitle                = {Proceedings of the 10th ACM/IEEE International Symposium on Empirical Software Engineering and Measurement},
  Year                     = {2016},

  Address                  = {New York, NY, USA},
  Pages                    = {19:1--19:10},
  Publisher                = {ACM},
  Series                   = {ESEM '16},

  Acmid                    = {2962590},
  Articleno                = {19},
  Doi                      = {10.1145/2961111.2962590},
  ISBN                     = {978-1-4503-4427-2},
  Keywords                 = {Code ownership, Extreme Programming, Grounded Theory, Sustainable software development},
  Location                 = {Ciudad Real, Spain},
  Numpages                 = {10},
  Url                      = {http://doi.acm.org/10.1145/2961111.2962590}
}

@InProceedings{Senapathi:2014:EIF:2601248.2601253,
  Title                    = {An Empirical Investigation of the Factors Affecting Agile Usage},
  Author                   = {Senapathi, Mali and Srinivasan, Ananth},
  Booktitle                = {Proceedings of the 18th International Conference on Evaluation and Assessment in Software Engineering},
  Year                     = {2014},

  Address                  = {New York, NY, USA},
  Pages                    = {10:1--10:10},
  Publisher                = {ACM},
  Series                   = {EASE '14},

  Acmid                    = {2601253},
  Articleno                = {10},
  Doi                      = {10.1145/2601248.2601253},
  ISBN                     = {978-1-4503-2476-2},
  Keywords                 = {agile effectiveness, agile usage, survey research},
  Location                 = {London, England, United Kingdom},
  Numpages                 = {10},
  Url                      = {http://doi.acm.org/10.1145/2601248.2601253}
}

@InProceedings{Senapathi:2013:SAU:2460999.2461016,
  Title                    = {Sustained Agile Usage: A Systematic Literature Review},
  Author                   = {Senapathi, Mali and Srinivasan, Ananth},
  Booktitle                = {Proceedings of the 17th International Conference on Evaluation and Assessment in Software Engineering},
  Year                     = {2013},

  Address                  = {New York, NY, USA},
  Pages                    = {119--124},
  Publisher                = {ACM},
  Series                   = {EASE '13},

  Acmid                    = {2461016},
  Doi                      = {10.1145/2460999.2461016},
  ISBN                     = {978-1-4503-1848-8},
  Keywords                 = {agile usage, critical factors, sustained agile usage},
  Location                 = {Porto de Galinhas, Brazil},
  Numpages                 = {6},
  Url                      = {http://doi.acm.org/10.1145/2460999.2461016}
}

@InProceedings{Sharp:2014:OCC:2593850.2593859,
  Title                    = {Overcoming Challenges in Collaboration Between Research and Practice: The Agile Research Network},
  Author                   = {Sharp, Helen and Plonka, Laura and Taylor, Katie and Gregory, Peggy},
  Booktitle                = {Proceedings of the 1st International Workshop on Software Engineering Research and Industrial Practices},
  Year                     = {2014},

  Address                  = {New York, NY, USA},
  Pages                    = {10--13},
  Publisher                = {ACM},
  Series                   = {SER\&\#38;IPs 2014},

  Acmid                    = {2593859},
  Doi                      = {10.1145/2593850.2593859},
  ISBN                     = {978-1-4503-2859-3},
  Keywords                 = {Action Research, Agile, Collaboration, Project Management},
  Location                 = {Hyderabad, India},
  Numpages                 = {4},
  Url                      = {http://doi.acm.org/10.1145/2593850.2593859}
}

@InProceedings{Silva:2017:AAT:3100149.3100160,
  Title                    = {Analyzing Automatic Test Generation Tools for Refactoring Validation},
  Author                   = {Silva, Indy P. S. C. and Alves, Everton L. G. and Andrade, Wilkerson L.},
  Booktitle                = {Proceedings of the 12th International Workshop on Automation of Software Testing},
  Year                     = {2017},

  Address                  = {Piscataway, NJ, USA},
  Pages                    = {38--44},
  Publisher                = {IEEE Press},
  Series                   = {AST '17},

  Acmid                    = {3100160},
  Doi                      = {10.1109/AST.2017.9},
  ISBN                     = {978-1-5386-1548-5},
  Keywords                 = {EvoSuite, randoop, refactoring, test generation},
  Location                 = {Buenos Aires, Argentina},
  Numpages                 = {7},
  Url                      = {https://doi.org/10.1109/AST.2017.9}
}

@InProceedings{daSilva:2015:IOC:2814058.2814096,
  Title                    = {Influences of Organizational Culture in the Adoption of Agile Methodologies in Information Systems Development: A Systematic Mapping},
  Author                   = {da Silva,Junior, Gerson Correia and Amaral, Joao Paulo and Matsubara, Patricia Gomes Fernandes and Graciano,Neto, Valdemar Vicente},
  Booktitle                = {Proceedings of the Annual Conference on Brazilian Symposium on Information Systems: Information Systems: A Computer Socio-Technical Perspective - Volume 1},
  Year                     = {2015},

  Address                  = {Porto Alegre, Brazil, Brazil},
  Pages                    = {31:227--31:234},
  Publisher                = {Brazilian Computer Society},
  Series                   = {SBSI 2015},

  Acmid                    = {2814096},
  Articleno                = {31},
  Keywords                 = {Agile Methodologies, Organizational Culture, Sociotechnical approach},
  Location                 = {Goiania, Goias, Brazil},
  Numpages                 = {8},
  Url                      = {http://dl.acm.org/citation.cfm?id=2814058.2814096}
}

@InProceedings{Siqueira:2017:UBS:3101290.3101300,
  Title                    = {Using BDD and SBVR to Refine Business Goals into an event-B Model: A Research Idea},
  Author                   = {Siqueira, Fabio Levy and de Sousa, Thiago C. and Silva, Paulo S. Muniz},
  Booktitle                = {Proceedings of the 5th International FME Workshop on Formal Methods in Software Engineering},
  Year                     = {2017},

  Address                  = {Piscataway, NJ, USA},
  Pages                    = {31--36},
  Publisher                = {IEEE Press},
  Series                   = {FormaliSE '17},

  Acmid                    = {3101300},
  Doi                      = {10.1109/FormaliSE.2017..5},
  ISBN                     = {978-1-5386-0422-9},
  Keywords                 = {BDD, SBVR, event-B, formal methods, method, requirements},
  Location                 = {Buenos Aires, Argentina},
  Numpages                 = {6},
  Url                      = {https://doi.org/10.1109/FormaliSE.2017..5}
}

@Article{Sonia:2014:FAI:2597716.2597728,
  Title                    = {FISA-XP: An Agile-based Integration of Security Activities with Extreme Programming},
  Author                   = {Sonia and Singhal, Archana and Banati, Hema},
  Journal                  = {SIGSOFT Softw. Eng. Notes},
  Year                     = {2014},

  Month                    = jun,
  Number                   = {3},
  Pages                    = {1--14},
  Volume                   = {39},

  Acmid                    = {2597728},
  Address                  = {New York, NY, USA},
  Doi                      = {10.1145/2597716.2597728},
  ISSN                     = {0163-5948},
  Issue_date               = {May 2014},
  Keywords                 = {CLASP process, agile methodology, agility degree, extreme programming method, security activities},
  Numpages                 = {14},
  Publisher                = {ACM},
  Url                      = {http://doi.acm.org/10.1145/2597716.2597728}
}

@InProceedings{Stratis:2017:ITE:3098344.3098371,
  Title                    = {Improving Test Execution Time with Improved Cache Locality},
  Author                   = {Stratis, Panagiotis},
  Booktitle                = {Proceedings of the 39th International Conference on Software Engineering Companion},
  Year                     = {2017},

  Address                  = {Piscataway, NJ, USA},
  Pages                    = {82--84},
  Publisher                = {IEEE Press},
  Series                   = {ICSE-C '17},

  Acmid                    = {3098371},
  Doi                      = {10.1109/ICSE-C.2017.153},
  ISBN                     = {978-1-5386-1589-8},
  Keywords                 = {cache misses, instruction locality, testing},
  Location                 = {Buenos Aires, Argentina},
  Numpages                 = {3},
  Url                      = {https://doi.org/10.1109/ICSE-C.2017.153}
}

@InProceedings{Subramanya:2016:BEE:2851553.2851556,
  Title                    = {Beyond Energy-Efficiency: Evaluating Green Datacenter Applications for Energy-Agility},
  Author                   = {Subramanya, Supreeth and Mustafa, Zain and Irwin, David and Shenoy, Prashant},
  Booktitle                = {Proceedings of the 7th ACM/SPEC on International Conference on Performance Engineering},
  Year                     = {2016},

  Address                  = {New York, NY, USA},
  Pages                    = {185--196},
  Publisher                = {ACM},
  Series                   = {ICPE '16},

  Acmid                    = {2851556},
  Doi                      = {10.1145/2851553.2851556},
  ISBN                     = {978-1-4503-4080-9},
  Keywords                 = {demand response, energy-agility, renewable energy},
  Location                 = {Delft, The Netherlands},
  Numpages                 = {12},
  Url                      = {http://doi.acm.org/10.1145/2851553.2851556}
}

@InProceedings{Thevathayan:2017:CAP:3013499.3013510,
  Title                    = {Combining Agile Practices with Incremental Visual Tasks},
  Author                   = {Thevathayan, Charles and Spichkova, Maria and Hamilton, Margaret},
  Booktitle                = {Proceedings of the Nineteenth Australasian Computing Education Conference},
  Year                     = {2017},

  Address                  = {New York, NY, USA},
  Pages                    = {103--112},
  Publisher                = {ACM},
  Series                   = {ACE '17},

  Acmid                    = {3013510},
  Doi                      = {10.1145/3013499.3013510},
  ISBN                     = {978-1-4503-4823-2},
  Keywords                 = {Computer Science education, Software Engineering education, active learning, constructivism, incremental learning, test-driven approach, visualisation},
  Location                 = {Geelong, VIC, Australia},
  Numpages                 = {10},
  Url                      = {http://doi.acm.org/10.1145/3013499.3013510}
}

@InProceedings{Tian:2014:JAL:2600821.2600850,
  Title                    = {Journey to Agility for a Large Scale Telecom System},
  Author                   = {Tian, Evelyn},
  Booktitle                = {Proceedings of the 2014 International Conference on Software and System Process},
  Year                     = {2014},

  Address                  = {New York, NY, USA},
  Pages                    = {191--192},
  Publisher                = {ACM},
  Series                   = {ICSSP 2014},

  Acmid                    = {2600850},
  Doi                      = {10.1145/2600821.2600850},
  ISBN                     = {978-1-4503-2754-1},
  Keywords                 = {Agile, Large Scale, Method, Software Process, Telecom System},
  Location                 = {Nanjing, China},
  Numpages                 = {2},
  Url                      = {http://doi.acm.org/10.1145/2600821.2600850}
}

@InProceedings{Tonella:2015:WRT:2820704.2820711,
  Title                    = {Weekly Round Trips from Norms to Requirements and Tests: An Industrial Experience Report},
  Author                   = {Tonella, Paolo and Tiella, Roberto},
  Booktitle                = {Proceedings of the Second International Workshop on Requirements Engineering and Testing},
  Year                     = {2015},

  Address                  = {Piscataway, NJ, USA},
  Pages                    = {20--26},
  Publisher                = {IEEE Press},
  Series                   = {RET '15},

  Acmid                    = {2820711},
  Keywords                 = {agile process, industrial experience, requirements and testing in practice},
  Location                 = {Florence, Italy},
  Numpages                 = {7},
  Url                      = {http://dl.acm.org/citation.cfm?id=2820704.2820711}
}

@InProceedings{Trektere:2016:TMM:2904354.2904361,
  Title                    = {Tailoring MDevSPICE\&Reg; for Mobile Medical Apps},
  Author                   = {Trektere, Kitija and McCaffery, Fergal and Lepmets, Marion and Barry, Grainne},
  Booktitle                = {Proceedings of the International Conference on Software and Systems Process},
  Year                     = {2016},

  Address                  = {New York, NY, USA},
  Pages                    = {106--110},
  Publisher                = {ACM},
  Series                   = {ICSSP '16},

  Acmid                    = {2904361},
  Doi                      = {10.1145/2904354.2904361},
  ISBN                     = {978-1-4503-4188-2},
  Keywords                 = {Agile software development, MDevSPICE\textregistered, medical device, medical device mobile application, medical device software, software integration},
  Location                 = {Austin, Texas},
  Numpages                 = {5},
  Url                      = {http://doi.acm.org/10.1145/2904354.2904361}
}

@InProceedings{Trimble:2013:DMC:2468356.2468777,
  Title                    = {The Democratization of Mission Control: Empowering Users},
  Author                   = {Trimble, Jay and Dayton, Tom and Crocker, Alan},
  Booktitle                = {CHI '13 Extended Abstracts on Human Factors in Computing Systems},
  Year                     = {2013},

  Address                  = {New York, NY, USA},
  Pages                    = {2381--2382},
  Publisher                = {ACM},
  Series                   = {CHI EA '13},

  Acmid                    = {2468777},
  Doi                      = {10.1145/2468356.2468777},
  ISBN                     = {978-1-4503-1952-2},
  Keywords                 = {agile ux, object oriented gui style, participatory design, user experience, ux management practice},
  Location                 = {Paris, France},
  Numpages                 = {2},
  Url                      = {http://doi.acm.org/10.1145/2468356.2468777}
}

@InProceedings{Tuan:2013:CMA:2542050.2542072,
  Title                    = {Combining Maturity with Agility: Lessons Learnt from a Case Study},
  Author                   = {Tuan, Nguyen Ngoc and Thang, Huynh Quyet},
  Booktitle                = {Proceedings of the Fourth Symposium on Information and Communication Technology},
  Year                     = {2013},

  Address                  = {New York, NY, USA},
  Pages                    = {267--274},
  Publisher                = {ACM},
  Series                   = {SoICT '13},

  Acmid                    = {2542072},
  Doi                      = {10.1145/2542050.2542072},
  ISBN                     = {978-1-4503-2454-0},
  Keywords                 = {agile project management, resource management, risk management, software process improvement standards},
  Location                 = {Danang, Vietnam},
  Numpages                 = {8},
  Url                      = {http://doi.acm.org/10.1145/2542050.2542072}
}

@InProceedings{Vivian:2013:ACS:2526968.2526980,
  Title                    = {Analysing Computer Science Students' Teamwork Role Adoption in an Online Self-organised Teamwork Activity},
  Author                   = {Vivian, Rebecca and Falkner, Katrina and Falkner, Nickolas},
  Booktitle                = {Proceedings of the 13th Koli Calling International Conference on Computing Education Research},
  Year                     = {2013},

  Address                  = {New York, NY, USA},
  Pages                    = {105--114},
  Publisher                = {ACM},
  Series                   = {Koli Calling '13},

  Acmid                    = {2526980},
  Doi                      = {10.1145/2526968.2526980},
  ISBN                     = {978-1-4503-2482-3},
  Keywords                 = {collaboration, human-to-human, students, team roles, teamwork},
  Location                 = {Koli, Finland},
  Numpages                 = {10},
  Url                      = {http://doi.acm.org/10.1145/2526968.2526980}
}

@InProceedings{Vivian:2015:DDT:2819009.2819070,
  Title                    = {The Development of a Dashboard Tool for Visualising Online Teamwork Discussions},
  Author                   = {Vivian, Rebecca and Tarmazdi, Hamid and Falkner, Katrina and Falkner, Nickolas and Szabo, Claudia},
  Booktitle                = {Proceedings of the 37th International Conference on Software Engineering - Volume 2},
  Year                     = {2015},

  Address                  = {Piscataway, NJ, USA},
  Pages                    = {380--388},
  Publisher                = {IEEE Press},
  Series                   = {ICSE '15},

  Acmid                    = {2819070},
  Location                 = {Florence, Italy},
  Numpages                 = {9},
  Url                      = {http://dl.acm.org/citation.cfm?id=2819009.2819070}
}

@InProceedings{Vogel:2015:TDA:2797433.2797465,
  Title                    = {Teaching Distributed Agile Development to Software Professionals: A Flexible Approach},
  Author                   = {Vogel, Bahtijar and Kilamo, Terhi and Kurti, Arianit},
  Booktitle                = {Proceedings of the 2015 European Conference on Software Architecture Workshops},
  Year                     = {2015},

  Address                  = {New York, NY, USA},
  Pages                    = {31:1--31:8},
  Publisher                = {ACM},
  Series                   = {ECSAW '15},

  Acmid                    = {2797465},
  Articleno                = {31},
  Doi                      = {10.1145/2797433.2797465},
  ISBN                     = {978-1-4503-3393-1},
  Keywords                 = {Situated learning, distributed agile, flexible approach, software professionals},
  Location                 = {Dubrovnik, Cavtat, Croatia},
  Numpages                 = {8},
  Url                      = {http://doi.acm.org/10.1145/2797433.2797465}
}

@InProceedings{Wadhwa:2014:MSA:2593850.2593858,
  Title                    = {Making Sense of Academia-industry Gap in the Evolving Cloud Service Brokerage},
  Author                   = {Wadhwa, Bimlesh and Jaitly, Aditi and Suri, Bharti},
  Booktitle                = {Proceedings of the 1st International Workshop on Software Engineering Research and Industrial Practices},
  Year                     = {2014},

  Address                  = {New York, NY, USA},
  Pages                    = {6--9},
  Publisher                = {ACM},
  Series                   = {SER\&\#38;IPs 2014},

  Acmid                    = {2593858},
  Doi                      = {10.1145/2593850.2593858},
  ISBN                     = {978-1-4503-2859-3},
  Keywords                 = {Academic Industry gap, Cloud Computing, Cloud Service Broker, Practice-Informed Research},
  Location                 = {Hyderabad, India},
  Numpages                 = {4},
  Url                      = {http://doi.acm.org/10.1145/2593850.2593858}
}

@InProceedings{Wagner:2014:SCS:2593812.2593819,
  Title                    = {Scrum for Cyber-physical Systems: A Process Proposal},
  Author                   = {Wagner, Stefan},
  Booktitle                = {Proceedings of the 1st International Workshop on Rapid Continuous Software Engineering},
  Year                     = {2014},

  Address                  = {New York, NY, USA},
  Pages                    = {51--56},
  Publisher                = {ACM},
  Series                   = {RCoSE 2014},

  Acmid                    = {2593819},
  Doi                      = {10.1145/2593812.2593819},
  ISBN                     = {978-1-4503-2856-2},
  Keywords                 = {Agile, Cyber-physical, Scrum},
  Location                 = {Hyderabad, India},
  Numpages                 = {6},
  Url                      = {http://doi.acm.org/10.1145/2593812.2593819}
}

@InProceedings{Wang:2016:TAS:2896941.2896948,
  Title                    = {Towards Applying a Safety Analysis and Verification Method Based on STPA to Agile Software Development},
  Author                   = {Wang, Yang and Wagner, Stefan},
  Booktitle                = {Proceedings of the International Workshop on Continuous Software Evolution and Delivery},
  Year                     = {2016},

  Address                  = {New York, NY, USA},
  Pages                    = {5--11},
  Publisher                = {ACM},
  Series                   = {CSED '16},

  Acmid                    = {2896948},
  Doi                      = {10.1145/2896941.2896948},
  ISBN                     = {978-1-4503-4157-8},
  Keywords                 = {STPA, agile methods, safety analysis, safety verification, safety-critical sytems},
  Location                 = {Austin, Texas},
  Numpages                 = {7},
  Url                      = {http://doi.acm.org/10.1145/2896941.2896948}
}

@InProceedings{Xu:2015:UST:2786805.2803207,
  Title                    = {Using Software Theater for the Demonstration of Innovative Ubiquitous Applications},
  Author                   = {Xu, Han and Krusche, Stephan and Bruegge, Bernd},
  Booktitle                = {Proceedings of the 2015 10th Joint Meeting on Foundations of Software Engineering},
  Year                     = {2015},

  Address                  = {New York, NY, USA},
  Pages                    = {894--897},
  Publisher                = {ACM},
  Series                   = {ESEC/FSE 2015},

  Acmid                    = {2803207},
  Doi                      = {10.1145/2786805.2803207},
  ISBN                     = {978-1-4503-3675-8},
  Keywords                 = {Demonstration, Design evaluation, Informal models, Prototypes, Rapid iteration, Scenarios},
  Location                 = {Bergamo, Italy},
  Numpages                 = {4},
  Url                      = {http://doi.acm.org/10.1145/2786805.2803207}
}

@InProceedings{Zhang:2017:ARS:2998181.2998199,
  Title                    = {Agile Research Studios: Orchestrating Communities of Practice to Advance Research Training},
  Author                   = {Zhang, Haoqi and Easterday, Matthew W. and Gerber, Elizabeth M. and Rees Lewis, Daniel and Maliakal, Leesha},
  Booktitle                = {Proceedings of the 2017 ACM Conference on Computer Supported Cooperative Work and Social Computing},
  Year                     = {2017},

  Address                  = {New York, NY, USA},
  Pages                    = {220--232},
  Publisher                = {ACM},
  Series                   = {CSCW '17},

  Acmid                    = {2998199},
  Doi                      = {10.1145/2998181.2998199},
  ISBN                     = {978-1-4503-4335-0},
  Keywords                 = {agile research, community of practice, regulation skills, research training, self-directed learning, socially shared regulation of learning, socio-technical systems},
  Location                 = {Portland, Oregon, USA},
  Numpages                 = {13},
  Url                      = {http://doi.acm.org/10.1145/2998181.2998199}
}

@InProceedings{Zilora:2015:IPC:2808006.2808029,
  Title                    = {Industry-Emulated Projects in the Classroom},
  Author                   = {Zilora, Stephen J.},
  Booktitle                = {Proceedings of the 16th Annual Conference on Information Technology Education},
  Year                     = {2015},

  Address                  = {New York, NY, USA},
  Pages                    = {115--119},
  Publisher                = {ACM},
  Series                   = {SIGITE '15},

  Acmid                    = {2808029},
  Doi                      = {10.1145/2808006.2808029},
  ISBN                     = {978-1-4503-3835-6},
  Keywords                 = {capstone, course, curriculum, industry, information technology, international, project, team},
  Location                 = {Chicago, Illinois, USA},
  Numpages                 = {5},
  Url                      = {http://doi.acm.org/10.1145/2808006.2808029}
}

@InProceedings{Zimmermann:2016:DDT:2993412.3014339,
  Title                    = {Designed and Delivered Today, Eroded Tomorrow?: Towards an Open and Lean Architecting Framework Balancing Agility and Sustainability},
  Author                   = {Zimmermann, Olaf},
  Booktitle                = {Proccedings of the 10th European Conference on Software Architecture Workshops},
  Year                     = {2016},

  Address                  = {New York, NY, USA},
  Pages                    = {7:1--7:1},
  Publisher                = {ACM},
  Series                   = {ECSAW '16},

  Acmid                    = {3014339},
  Articleno                = {7},
  Doi                      = {10.1145/2993412.3014339},
  ISBN                     = {978-1-4503-4781-5},
  Keywords                 = {agile practices, architectural decisions, knowledge management, metrics, patterns, refactoring, service-oriented architecture, software quality, sustainability},
  Location                 = {Copenhagen, Denmark},
  Numpages                 = {1},
  Url                      = {http://doi.acm.org/10.1145/2993412.3014339}
}

@Proceedings{2016:2896941,
  Title                    = {CSED '16: Proceedings of the International Workshop on Continuous Software Evolution and Delivery},
  Year                     = {2016},

  Address                  = {New York, NY, USA},
  Publisher                = {ACM},

  ISBN                     = {978-1-4503-4157-8},
  Key                      = {{$\!\!$}},
  Location                 = {Austin, Texas}
}

@Proceedings{Tichy:2015:2820678,
  Title                    = {RCoSE '15: Proceedings of the Second International Workshop on Rapid Continuous Software Engineering},
  Year                     = {2015},

  Address                  = {Piscataway, NJ, USA},
  Publisher                = {IEEE Press},

  Location                 = {Florence, Italy}
}

@Proceedings{Hosking:2013:2508075,
  Title                    = {SPLASH '13: Proceedings of the 2013 Companion Publication for Conference on Systems, Programming, \&\#38; Applications: Software for Humanity},
  Year                     = {2013},

  Address                  = {New York, NY, USA},
  Publisher                = {ACM},

  ISBN                     = {978-1-4503-1995-9},
  Location                 = {Indianapolis, Indiana, USA}
}

@Article{Moreland:2013:PAL:2532780.2532792,
  Title                    = {A Practical Approach to Large-scale Agile Development: How HP Transformed LaserJet FutureSmart Firmware by Gary Gruver, Mike Young and Pat Fulghm},
  Journal                  = {SIGSOFT Softw. Eng. Notes},
  Year                     = {2013},

  Month                    = nov,
  Note                     = {Reviewer-Moreland, Doug},
  Number                   = {6},
  Pages                    = {41--42},
  Volume                   = {38},

  Acmid                    = {2532792},
  Address                  = {New York, NY, USA},
  Doi                      = {10.1145/2532780.2532792},
  ISSN                     = {0163-5948},
  Issue_date               = {November 2013},
  Numpages                 = {2},
  Publisher                = {ACM},
  Url                      = {http://doi.acm.org/10.1145/2532780.2532792}
}

